Local time,Ask,Bid,AskVolume,BidVolume
22.03.2021 08:00:18.523 GMT-0000,3300.467,3271.533,0.02,0.02
22.03.2021 08:00:18.872 GMT-0000,3296.262,3271.6150000000002,0.0075,0.02
22.03.2021 08:00:18.973 GMT-0000,3292.5490000000004,3272.738,0.02,0.02
22.03.2021 08:00:19.531 GMT-0000,3291.426,3274.6150000000002,0.02,0.02
22.03.2021 08:00:19.872 GMT-0000,3291.508,3276.533,0.02,0.0075
22.03.2021 08:00:20.272 GMT-0000,3290.5490000000004,3276.5740000000005,0.0075,0.02
22.03.2021 08:00:20.504 GMT-0000,3290.1800000000003,3278.738,0.02,0.02
22.03.2021 08:00:22.480 GMT-0000,3289.508,3278.82,0.0075,0.02
22.03.2021 08:00:25.690 GMT-0000,3282.262,3270.533,0.02,0.02
22.03.2021 08:00:25.790 GMT-0000,3277.385,3264.656,0.02,0.02
22.03.2021 08:00:26.065 GMT-0000,3272.221,3251,0.02,0.02
22.03.2021 08:00:26.165 GMT-0000,3275.262,3250.697,0.02,0.02
22.03.2021 08:00:26.351 GMT-0000,3276,3252.7790000000005,0.02,0.02
22.03.2021 08:00:26.520 GMT-0000,3273.5490000000004,3253,0.0075,0.02
22.03.2021 08:00:26.621 GMT-0000,3273.467,3251.533,0.02,0.02
22.03.2021 08:00:26.716 GMT-0000,3272.303,3251.6150000000002,0.02,0.02
22.03.2021 08:00:28.965 GMT-0000,3271.262,3251.451,0.0075,0.02
22.03.2021 08:00:29.015 GMT-0000,3279.303,3251.451,0.02,0.02
22.03.2021 08:00:29.183 GMT-0000,3272.426,3251.738,0.02,0.02
22.03.2021 08:00:29.295 GMT-0000,3272.508,3252.7790000000005,0.02,0.02
22.03.2021 08:00:29.794 GMT-0000,3273.467,3253,0.02,0.02
22.03.2021 08:00:30.335 GMT-0000,3273.508,3251.656,0.02,0.02
22.03.2021 08:00:30.480 GMT-0000,3270.303,3253,0.02,0.02
22.03.2021 08:00:30.531 GMT-0000,3273.262,3252.6150000000002,0.02,0.02
22.03.2021 08:00:30.730 GMT-0000,3271,3252.5740000000005,0.0075,0.02
22.03.2021 08:00:31.775 GMT-0000,3270.426,3252.738,0.02,0.0075
22.03.2021 08:00:31.825 GMT-0000,3270.467,3250.6150000000002,0.02,0.02
22.03.2021 08:00:35.486 GMT-0000,3268.508,3250.82,0.0075,0.02
22.03.2021 08:00:39.231 GMT-0000,3267.5490000000004,3250.82,0.0075,0.02
22.03.2021 08:00:39.524 GMT-0000,3266.385,3250.738,0.02,0.02
22.03.2021 08:00:40.972 GMT-0000,3267,3250.7790000000005,0.02,0.02
22.03.2021 08:00:44.279 GMT-0000,3267.303,3251.5740000000005,0.0075,0.0075
22.03.2021 08:00:44.332 GMT-0000,3278.303,3251.82,0.02,0.02
22.03.2021 08:00:44.944 GMT-0000,3277.262,3251.656,0.0075,0.02
22.03.2021 08:00:45.997 GMT-0000,3276.262,3251.533,0.02,0.02
22.03.2021 08:00:46.548 GMT-0000,3274.426,3260.492,0.0075,0.0075
22.03.2021 08:00:53.909 GMT-0000,3273.303,3260.7790000000005,0.0075,0.0075
22.03.2021 08:00:53.959 GMT-0000,3273.1800000000003,3250.5740000000005,0.02,0.02
22.03.2021 08:00:54.280 GMT-0000,3273.385,3251.738,0.02,0.02
22.03.2021 08:00:54.402 GMT-0000,3273,3250.82,0.02,0.02
22.03.2021 08:00:54.864 GMT-0000,3271,3250.5740000000005,0.0075,0.02
22.03.2021 08:00:55.127 GMT-0000,3271.262,3249.738,0.02,0.02
22.03.2021 08:00:56.876 GMT-0000,3269.1800000000003,3251.7790000000005,0.0075,0.0075
22.03.2021 08:00:57.314 GMT-0000,3269.508,3250.738,0.02,0.02
22.03.2021 08:00:59.287 GMT-0000,3270.5490000000004,3250.533,0.02,0.02
22.03.2021 08:00:59.954 GMT-0000,3269.426,3250.5740000000005,0.0075,0.02
22.03.2021 08:01:02.148 GMT-0000,3268,3249.7790000000005,0.02,0.02
22.03.2021 08:01:03.640 GMT-0000,3259.303,3250.5740000000005,0.0075,0.02
22.03.2021 08:01:08.697 GMT-0000,3259.385,3249.7790000000005,0.02,0.02
22.03.2021 08:01:18.546 GMT-0000,3259.385,3250.5740000000005,0.02,0.02
22.03.2021 08:01:36.853 GMT-0000,3259.467,3251.7790000000005,0.0075,0.0075
22.03.2021 08:01:36.904 GMT-0000,3274.467,3255.656,0.02,0.02
22.03.2021 08:01:37.120 GMT-0000,3274.508,3256.451,0.0075,0.0075
22.03.2021 08:01:37.170 GMT-0000,3277.467,3256.5740000000005,0.02,0.02
22.03.2021 08:01:37.221 GMT-0000,3276.3440000000005,3256.492,0.02,0.02
22.03.2021 08:01:37.365 GMT-0000,3271.5490000000004,3256.82,0.02,0.02
22.03.2021 08:01:37.470 GMT-0000,3270.3440000000005,3255.7790000000005,0.02,0.02
22.03.2021 08:01:37.889 GMT-0000,3270.426,3256.492,0.02,0.0075
22.03.2021 08:01:37.939 GMT-0000,3270.385,3255.7790000000005,0.02,0.02
22.03.2021 08:01:47.940 GMT-0000,3270.508,3256.5740000000005,0.02,0.0075
22.03.2021 08:01:48.126 GMT-0000,3270.262,3255.7790000000005,0.02,0.02
22.03.2021 08:01:48.177 GMT-0000,3270.3440000000005,3256.7790000000005,0.02,0.02
22.03.2021 08:01:49.140 GMT-0000,3276.303,3257,0.02,0.02
22.03.2021 08:01:49.190 GMT-0000,3276.467,3258.697,0.02,0.02
22.03.2021 08:01:49.605 GMT-0000,3277.303,3258.82,0.02,0.02
22.03.2021 08:01:50.920 GMT-0000,3271.262,3258.82,0.0075,0.02
22.03.2021 08:01:52.945 GMT-0000,3270,3258.738,0.0075,0.02
22.03.2021 08:02:10.544 GMT-0000,3269.467,3258.492,0.0075,0.0075
22.03.2021 08:02:10.594 GMT-0000,3269.303,3255.738,0.02,0.02
22.03.2021 08:02:10.699 GMT-0000,3270.262,3255.451,0.02,0.02
22.03.2021 08:02:10.749 GMT-0000,3264.508,3255.738,0.02,0.02
22.03.2021 08:02:17.715 GMT-0000,3262.221,3251.697,0.02,0.02
22.03.2021 08:02:20.624 GMT-0000,3266.1800000000003,3251.5740000000005,0.02,0.02
22.03.2021 08:02:24.268 GMT-0000,3266.221,3253.6150000000002,0.02,0.0075
22.03.2021 08:02:30.085 GMT-0000,3265,3253.6150000000002,0.02,0.02
22.03.2021 08:02:30.215 GMT-0000,3265.303,3250.5740000000005,0.02,0.02
22.03.2021 08:02:32.170 GMT-0000,3261.303,3250.82,0.02,0.02
22.03.2021 08:02:37.008 GMT-0000,3261.385,3250,0.02,0.02
22.03.2021 08:02:39.262 GMT-0000,3261.221,3252.6150000000002,0.02,0.0075
22.03.2021 08:02:48.490 GMT-0000,3266,3252.738,0.02,0.02
22.03.2021 08:02:48.541 GMT-0000,3265.508,3249.451,0.02,0.02
22.03.2021 08:02:49.015 GMT-0000,3264,3249.738,0.0075,0.02
22.03.2021 08:02:49.134 GMT-0000,3257.426,3249.7790000000005,0.02,0.02
22.03.2021 08:02:49.234 GMT-0000,3257.1800000000003,3246.82,0.02,0.02
22.03.2021 08:02:49.284 GMT-0000,3254.385,3249.492,0.02,0.02
22.03.2021 08:02:51.033 GMT-0000,3262.262,3249.82,0.02,0.02
22.03.2021 08:02:51.202 GMT-0000,3263.1800000000003,3249.6150000000002,0.02,0.02
22.03.2021 08:02:51.320 GMT-0000,3256.221,3249.6150000000002,0.0075,0.02
22.03.2021 08:02:57.976 GMT-0000,3256.385,3250.533,0.02,0.02
22.03.2021 08:02:58.799 GMT-0000,3256.262,3249.697,0.02,0.02
22.03.2021 08:03:08.531 GMT-0000,3256.221,3250.738,0.02,0.02
22.03.2021 08:03:09.292 GMT-0000,3255.303,3250.492,0.0075,0.0075
22.03.2021 08:03:09.342 GMT-0000,3255.426,3249.5740000000005,0.02,0.02
22.03.2021 08:03:13.872 GMT-0000,3253.1800000000003,3249.5740000000005,0.0075,0.02
22.03.2021 08:03:13.973 GMT-0000,3254.262,3249.6150000000002,0.02,0.02
22.03.2021 08:03:14.286 GMT-0000,3253.262,3250,0.02,0.02
22.03.2021 08:03:14.493 GMT-0000,3250,3249.7790000000005,0.0075,0.0075
22.03.2021 08:03:14.543 GMT-0000,3250.303,3246.82,0.02,0.02
22.03.2021 08:03:14.699 GMT-0000,3250.426,3249.7790000000005,0.0075,0.0075
22.03.2021 08:03:14.749 GMT-0000,3253.426,3249.7790000000005,0.02,0.02
22.03.2021 08:03:15.038 GMT-0000,3253.1800000000003,3246.7790000000005,0.02,0.02
22.03.2021 08:03:15.198 GMT-0000,3252.262,3247,0.0075,0.0075
22.03.2021 08:03:15.249 GMT-0000,3252.221,3239.451,0.02,0.02
22.03.2021 08:03:15.350 GMT-0000,3250.426,3239.451,0.02,0.02
22.03.2021 08:03:15.524 GMT-0000,3249.467,3239.492,0.0075,0.02
22.03.2021 08:03:15.574 GMT-0000,3248.5490000000004,3233.697,0.02,0.02
22.03.2021 08:03:15.625 GMT-0000,3247.303,3233.6150000000002,0.02,0.02
22.03.2021 08:03:15.770 GMT-0000,3246.508,3233.533,0.02,0.02
22.03.2021 08:03:16.247 GMT-0000,3247.303,3227.656,0.02,0.02
22.03.2021 08:03:16.297 GMT-0000,3242.262,3225.656,0.02,0.02
22.03.2021 08:03:16.524 GMT-0000,3242.508,3227.82,0.02,0.02
22.03.2021 08:03:16.631 GMT-0000,3242,3228.697,0.02,0.0075
22.03.2021 08:03:16.781 GMT-0000,3242.5490000000004,3234.5740000000005,0.02,0.02
22.03.2021 08:03:18.024 GMT-0000,3253.221,3235.738,0.02,0.02
22.03.2021 08:03:18.216 GMT-0000,3253.467,3236.697,0.02,0.0075
22.03.2021 08:03:18.880 GMT-0000,3250,3235.451,0.02,0.02
22.03.2021 08:03:19.275 GMT-0000,3248.385,3240.533,0.0075,0.0075
22.03.2021 08:03:19.325 GMT-0000,3248,3238,0.02,0.02
22.03.2021 08:03:19.586 GMT-0000,3247.221,3237.7790000000005,0.02,0.02
22.03.2021 08:03:20.930 GMT-0000,3248.467,3237.492,0.02,0.02
22.03.2021 08:03:22.881 GMT-0000,3247.426,3237.738,0.02,0.02
22.03.2021 08:03:24.284 GMT-0000,3246.426,3237.656,0.0075,0.02
22.03.2021 08:03:24.991 GMT-0000,3258.508,3237.492,0.02,0.02
22.03.2021 08:03:30.220 GMT-0000,3257.303,3237.533,0.0075,0.02
22.03.2021 08:03:30.524 GMT-0000,3256.5490000000004,3237.451,0.0075,0.02
22.03.2021 08:03:39.746 GMT-0000,3255.508,3238.82,0.0075,0.0075
22.03.2021 08:03:41.276 GMT-0000,3254.262,3238.82,0.02,0.02
22.03.2021 08:03:50.885 GMT-0000,3254.1800000000003,3239.697,0.02,0.0075
22.03.2021 08:03:58.433 GMT-0000,3245.303,3239.656,0.0075,0.02
22.03.2021 08:04:03.402 GMT-0000,3245.3440000000005,3235.533,0.02,0.02
22.03.2021 08:04:03.452 GMT-0000,3245.262,3237.82,0.02,0.02
22.03.2021 08:04:07.748 GMT-0000,3245.221,3238.82,0.0075,0.0075
22.03.2021 08:04:07.798 GMT-0000,3253.1800000000003,3238.656,0.02,0.02
22.03.2021 08:04:08.062 GMT-0000,3252.262,3238.738,0.0075,0.02
22.03.2021 08:04:08.320 GMT-0000,3260.1800000000003,3245.451,0.02,0.02
22.03.2021 08:04:08.373 GMT-0000,3261.221,3245.656,0.02,0.02
22.03.2021 08:04:08.819 GMT-0000,3260.221,3246,0.0075,0.02
22.03.2021 08:04:14.276 GMT-0000,3259.385,3245.697,0.0075,0.02
22.03.2021 08:04:19.260 GMT-0000,3253.303,3246,0.0075,0.02
22.03.2021 08:04:30.165 GMT-0000,3252.221,3245.533,0.0075,0.0075
22.03.2021 08:04:30.215 GMT-0000,3252.262,3237.5740000000005,0.02,0.02
22.03.2021 08:04:30.266 GMT-0000,3252.467,3235.656,0.02,0.02
22.03.2021 08:04:30.472 GMT-0000,3247.262,3235.697,0.0075,0.0075
22.03.2021 08:04:30.523 GMT-0000,3247,3231.533,0.02,0.02
22.03.2021 08:04:34.379 GMT-0000,3247.467,3228.451,0.02,0.02
22.03.2021 08:04:39.244 GMT-0000,3245.3440000000005,3228.5740000000005,0.0075,0.02
22.03.2021 08:04:39.345 GMT-0000,3245.467,3231.451,0.02,0.02
22.03.2021 08:04:49.245 GMT-0000,3243.5490000000004,3231.7790000000005,0.02,0.02
22.03.2021 08:04:54.276 GMT-0000,3241.467,3231.492,0.02,0.02
22.03.2021 08:05:00.020 GMT-0000,3241,3234.6150000000002,0.0075,0.0075
22.03.2021 08:05:00.071 GMT-0000,3249.467,3232.451,0.02,0.02
22.03.2021 08:05:00.183 GMT-0000,3249.467,3235.533,0.02,0.02
22.03.2021 08:05:11.487 GMT-0000,3251.1800000000003,3235.492,0.02,0.02
22.03.2021 08:05:11.657 GMT-0000,3246.1800000000003,3235.656,0.0075,0.02
22.03.2021 08:05:11.757 GMT-0000,3252.508,3235.697,0.02,0.02
22.03.2021 08:05:11.808 GMT-0000,3255.467,3236.6150000000002,0.02,0.02
22.03.2021 08:05:13.417 GMT-0000,3255.467,3242.738,0.02,0.0075
22.03.2021 08:05:31.178 GMT-0000,3258.3440000000005,3243.533,0.02,0.02
22.03.2021 08:05:31.228 GMT-0000,3253.385,3243.656,0.02,0.02
22.03.2021 08:05:31.420 GMT-0000,3253.508,3242.492,0.02,0.02
22.03.2021 08:05:31.471 GMT-0000,3252.1800000000003,3243,0.02,0.02
22.03.2021 08:05:32.676 GMT-0000,3249.262,3242.451,0.02,0.02
22.03.2021 08:05:38.597 GMT-0000,3249.3440000000005,3236.697,0.02,0.02
22.03.2021 08:05:38.647 GMT-0000,3247.262,3235.451,0.02,0.02
22.03.2021 08:05:40.089 GMT-0000,3247,3240.7790000000005,0.02,0.02
22.03.2021 08:05:40.139 GMT-0000,3245.303,3235.82,0.02,0.02
22.03.2021 08:05:40.344 GMT-0000,3245.3440000000005,3238.82,0.0075,0.0075
22.03.2021 08:05:40.394 GMT-0000,3259.385,3240.738,0.02,0.02
22.03.2021 08:05:40.472 GMT-0000,3259.262,3243.656,0.02,0.0075
22.03.2021 08:05:40.589 GMT-0000,3259,3249.7790000000005,0.02,0.0075
22.03.2021 08:05:40.689 GMT-0000,3260.3440000000005,3249.5740000000005,0.02,0.02
22.03.2021 08:05:41.144 GMT-0000,3262,3249.451,0.02,0.02
22.03.2021 08:05:43.610 GMT-0000,3257.262,3249.451,0.0075,0.02
22.03.2021 08:05:48.661 GMT-0000,3255.1800000000003,3249.697,0.02,0.02
22.03.2021 08:05:49.108 GMT-0000,3261,3249.492,0.02,0.02
22.03.2021 08:05:51.897 GMT-0000,3260.508,3249.738,0.0075,0.02
22.03.2021 08:05:55.019 GMT-0000,3265.303,3249.82,0.02,0.02
22.03.2021 08:05:55.519 GMT-0000,3263,3249.5740000000005,0.0075,0.02
22.03.2021 08:05:59.012 GMT-0000,3261.385,3249.7790000000005,0.0075,0.02
22.03.2021 08:06:03.868 GMT-0000,3260.303,3249.451,0.0075,0.02
22.03.2021 08:06:17.234 GMT-0000,3262.3440000000005,3250.738,0.02,0.02
22.03.2021 08:06:17.563 GMT-0000,3262.303,3252.7790000000005,0.02,0.0075
22.03.2021 08:06:18.608 GMT-0000,3265.3440000000005,3252.533,0.02,0.02
22.03.2021 08:06:20.354 GMT-0000,3267.303,3252.6150000000002,0.02,0.02
22.03.2021 08:06:28.165 GMT-0000,3267.5490000000004,3253.533,0.0075,0.0075
22.03.2021 08:06:28.215 GMT-0000,3271.221,3256.533,0.02,0.02
22.03.2021 08:06:46.621 GMT-0000,3271.262,3258.6150000000002,0.0075,0.0075
22.03.2021 08:06:46.671 GMT-0000,3273.5490000000004,3258.5740000000005,0.02,0.02
22.03.2021 08:07:00.587 GMT-0000,3272.467,3258.738,0.0075,0.02
22.03.2021 08:07:06.068 GMT-0000,3271.1800000000003,3258.82,0.0075,0.02
22.03.2021 08:07:06.118 GMT-0000,3272.1800000000003,3258.451,0.02,0.02
22.03.2021 08:07:06.254 GMT-0000,3269,3258.533,0.0075,0.02
22.03.2021 08:07:07.757 GMT-0000,3268.303,3258.5740000000005,0.0075,0.0075
22.03.2021 08:07:07.807 GMT-0000,3268.221,3257.738,0.02,0.02
22.03.2021 08:07:09.244 GMT-0000,3267.467,3258,0.0075,0.0075
22.03.2021 08:07:09.294 GMT-0000,3266.467,3254.6150000000002,0.02,0.02
22.03.2021 08:07:10.310 GMT-0000,3265.262,3254.492,0.02,0.02
22.03.2021 08:07:12.063 GMT-0000,3261.221,3250.7790000000005,0.02,0.02
22.03.2021 08:07:12.543 GMT-0000,3262.3440000000005,3250.7790000000005,0.02,0.02
22.03.2021 08:07:12.669 GMT-0000,3264.221,3250.656,0.02,0.02
22.03.2021 08:07:14.571 GMT-0000,3263.467,3250.82,0.0075,0.02
22.03.2021 08:07:16.342 GMT-0000,3261.262,3250.656,0.0075,0.02
22.03.2021 08:07:18.284 GMT-0000,3258.385,3250.451,0.02,0.02
22.03.2021 08:07:20.973 GMT-0000,3258,3249.6150000000002,0.02,0.02
22.03.2021 08:07:23.975 GMT-0000,3257.3440000000005,3249.738,0.0075,0.02
22.03.2021 08:07:26.003 GMT-0000,3257.426,3250.656,0.02,0.0075
22.03.2021 08:07:30.950 GMT-0000,3257.508,3249.492,0.02,0.02
22.03.2021 08:07:35.908 GMT-0000,3256,3251.533,0.0075,0.0075
22.03.2021 08:07:36.158 GMT-0000,3256.385,3249.5740000000005,0.02,0.02
22.03.2021 08:07:48.565 GMT-0000,3255.221,3249.738,0.0075,0.02
22.03.2021 08:07:53.704 GMT-0000,3254,3249.656,0.02,0.02
22.03.2021 08:08:02.872 GMT-0000,3253.262,3249.451,0.0075,0.02
22.03.2021 08:08:20.013 GMT-0000,3252.5490000000004,3249.5740000000005,0.02,0.02
22.03.2021 08:08:20.304 GMT-0000,3251.262,3243.697,0.02,0.02
22.03.2021 08:08:20.355 GMT-0000,3250.5490000000004,3241.738,0.02,0.02
22.03.2021 08:08:20.455 GMT-0000,3246,3234.697,0.02,0.02
22.03.2021 08:08:20.506 GMT-0000,3241.5490000000004,3234.656,0.02,0.02
22.03.2021 08:08:20.628 GMT-0000,3241.3440000000005,3235.492,0.02,0.02
22.03.2021 08:08:21.517 GMT-0000,3241.1800000000003,3233.533,0.02,0.02
22.03.2021 08:08:21.568 GMT-0000,3241.426,3234.6150000000002,0.02,0.02
22.03.2021 08:08:22.175 GMT-0000,3246.385,3234.656,0.02,0.02
22.03.2021 08:08:23.872 GMT-0000,3248.508,3236.492,0.02,0.0075
22.03.2021 08:08:24.359 GMT-0000,3242.1800000000003,3236.656,0.0075,0.02
22.03.2021 08:08:24.681 GMT-0000,3240.467,3236.6150000000002,0.0075,0.0075
22.03.2021 08:08:24.731 GMT-0000,3240.426,3232.492,0.02,0.02
22.03.2021 08:08:25.586 GMT-0000,3238.467,3232.738,0.0075,0.02
22.03.2021 08:08:32.394 GMT-0000,3236,3232.533,0.0075,0.0075
22.03.2021 08:08:32.445 GMT-0000,3236.3440000000005,3229.6150000000002,0.02,0.02
22.03.2021 08:08:34.465 GMT-0000,3234.385,3229.82,0.0075,0.02
22.03.2021 08:08:37.880 GMT-0000,3242.426,3229.533,0.02,0.02
22.03.2021 08:08:47.306 GMT-0000,3238.467,3229.656,0.02,0.02
22.03.2021 08:08:47.357 GMT-0000,3238.426,3227.5740000000005,0.02,0.02
22.03.2021 08:08:48.212 GMT-0000,3237.303,3227.451,0.0075,0.02
22.03.2021 08:08:48.313 GMT-0000,3237.262,3225.738,0.02,0.02
22.03.2021 08:08:50.917 GMT-0000,3234.3440000000005,3223.656,0.02,0.02
22.03.2021 08:08:53.234 GMT-0000,3232.467,3221.656,0.02,0.0075
22.03.2021 08:08:53.284 GMT-0000,3232.467,3219.533,0.02,0.02
22.03.2021 08:08:58.264 GMT-0000,3232.467,3220.7790000000005,0.02,0.0075
22.03.2021 08:08:59.362 GMT-0000,3232.3440000000005,3219.82,0.02,0.02
22.03.2021 08:09:10.595 GMT-0000,3228.3440000000005,3212.738,0.02,0.02
22.03.2021 08:09:10.696 GMT-0000,3224.426,3211.5740000000005,0.02,0.02
22.03.2021 08:09:11.069 GMT-0000,3223.262,3212,0.0075,0.02
22.03.2021 08:09:11.183 GMT-0000,3222.3440000000005,3211.451,0.02,0.02
22.03.2021 08:09:12.776 GMT-0000,3222,3210.492,0.02,0.02
22.03.2021 08:09:12.880 GMT-0000,3222.1800000000003,3215.6150000000002,0.02,0.02
22.03.2021 08:09:13.962 GMT-0000,3222.221,3216.7790000000005,0.02,0.0075
22.03.2021 08:09:14.012 GMT-0000,3222,3215.6150000000002,0.02,0.02
22.03.2021 08:09:14.163 GMT-0000,3226.262,3215.6150000000002,0.02,0.02
22.03.2021 08:09:18.392 GMT-0000,3230.3440000000005,3216.492,0.02,0.02
22.03.2021 08:09:19.199 GMT-0000,3231.221,3217,0.02,0.02
22.03.2021 08:09:19.250 GMT-0000,3226.426,3216.697,0.02,0.02
22.03.2021 08:09:20.379 GMT-0000,3231.3440000000005,3226.492,0.02,0.02
22.03.2021 08:09:20.429 GMT-0000,3235.303,3226.82,0.02,0.02
22.03.2021 08:09:20.723 GMT-0000,3237,3226.6150000000002,0.02,0.02
22.03.2021 08:09:20.823 GMT-0000,3241.262,3226.697,0.02,0.02
22.03.2021 08:09:21.055 GMT-0000,3242.467,3226.7790000000005,0.02,0.02
22.03.2021 08:09:21.672 GMT-0000,3240.467,3226.697,0.0075,0.02
22.03.2021 08:09:23.268 GMT-0000,3234.221,3226.6150000000002,0.0075,0.02
22.03.2021 08:09:28.268 GMT-0000,3232.385,3226.738,0.0075,0.02
22.03.2021 08:09:29.021 GMT-0000,3233.5490000000004,3226.451,0.02,0.02
22.03.2021 08:09:33.215 GMT-0000,3232.1800000000003,3226.82,0.0075,0.02
22.03.2021 08:09:35.070 GMT-0000,3232.467,3221.738,0.02,0.02
22.03.2021 08:09:35.120 GMT-0000,3232.467,3230.656,0.02,0.02
22.03.2021 08:09:36.925 GMT-0000,3242.508,3230.697,0.02,0.02
22.03.2021 08:09:37.929 GMT-0000,3242.467,3231.697,0.02,0.0075
22.03.2021 08:09:38.214 GMT-0000,3237.508,3231.5740000000005,0.02,0.02
22.03.2021 08:09:43.264 GMT-0000,3236.467,3231.82,0.0075,0.0075
22.03.2021 08:09:43.314 GMT-0000,3236.262,3230.7790000000005,0.02,0.02
22.03.2021 08:09:43.947 GMT-0000,3244.385,3230.533,0.02,0.02
22.03.2021 08:09:44.415 GMT-0000,3245.5490000000004,3234.738,0.02,0.02
22.03.2021 08:09:48.222 GMT-0000,3244,3234.6150000000002,0.0075,0.02
22.03.2021 08:09:50.766 GMT-0000,3246.426,3234.656,0.02,0.02
22.03.2021 08:09:53.215 GMT-0000,3244.221,3234.492,0.0075,0.02
22.03.2021 08:09:53.316 GMT-0000,3246,3234.6150000000002,0.02,0.02
22.03.2021 08:09:53.824 GMT-0000,3246.262,3231,0.02,0.02
22.03.2021 08:10:00.054 GMT-0000,3246.5490000000004,3235,0.02,0.02
22.03.2021 08:10:05.009 GMT-0000,3246.1800000000003,3230.492,0.02,0.02
22.03.2021 08:10:05.885 GMT-0000,3246.262,3231.7790000000005,0.02,0.0075
22.03.2021 08:10:06.134 GMT-0000,3246.508,3230.6150000000002,0.02,0.02
22.03.2021 08:10:06.738 GMT-0000,3246.303,3231.492,0.02,0.02
22.03.2021 08:10:08.272 GMT-0000,3241.467,3235.697,0.0075,0.02
22.03.2021 08:10:13.220 GMT-0000,3240.221,3230.6150000000002,0.02,0.02
22.03.2021 08:10:16.180 GMT-0000,3240,3234.697,0.02,0.0075
22.03.2021 08:10:18.286 GMT-0000,3244.303,3234.533,0.02,0.02
22.03.2021 08:10:19.069 GMT-0000,3246.221,3234.82,0.02,0.02
22.03.2021 08:10:28.216 GMT-0000,3241,3235,0.0075,0.02
22.03.2021 08:10:34.395 GMT-0000,3241.508,3235.533,0.02,0.0075
22.03.2021 08:11:03.217 GMT-0000,3240.508,3235.5740000000005,0.02,0.02
22.03.2021 08:11:07.819 GMT-0000,3236.221,3230.5740000000005,0.02,0.02
22.03.2021 08:11:07.910 GMT-0000,3238.385,3230.697,0.02,0.02
22.03.2021 08:11:08.159 GMT-0000,3234.262,3230.5740000000005,0.0075,0.02
22.03.2021 08:11:10.581 GMT-0000,3239.426,3230.82,0.02,0.02
22.03.2021 08:11:11.078 GMT-0000,3240.467,3230.5740000000005,0.02,0.02
22.03.2021 08:11:15.754 GMT-0000,3241.1800000000003,3230.492,0.02,0.02
22.03.2021 08:11:15.805 GMT-0000,3237.221,3230.533,0.02,0.02
22.03.2021 08:11:16.029 GMT-0000,3241.303,3230.492,0.02,0.02
22.03.2021 08:11:17.174 GMT-0000,3242.3440000000005,3230.533,0.02,0.02
22.03.2021 08:11:17.727 GMT-0000,3235.385,3230.492,0.0075,0.02
22.03.2021 08:11:18.270 GMT-0000,3242.221,3230.533,0.02,0.02
22.03.2021 08:11:28.289 GMT-0000,3237.426,3230.738,0.0075,0.02
22.03.2021 08:11:34.098 GMT-0000,3236.467,3231.656,0.0075,0.02
22.03.2021 08:11:35.977 GMT-0000,3241.262,3231.7790000000005,0.02,0.02
22.03.2021 08:11:36.028 GMT-0000,3240.426,3231.5740000000005,0.02,0.02
22.03.2021 08:11:36.130 GMT-0000,3239.1800000000003,3231.738,0.02,0.02
22.03.2021 08:11:36.231 GMT-0000,3237.303,3230.5740000000005,0.02,0.02
22.03.2021 08:11:44.334 GMT-0000,3237.385,3231.656,0.02,0.0075
22.03.2021 08:11:54.143 GMT-0000,3237.5490000000004,3233,0.02,0.0075
22.03.2021 08:11:54.346 GMT-0000,3237.426,3230.451,0.02,0.02
22.03.2021 08:11:59.031 GMT-0000,3237.221,3236.738,0.0075,0.0075
22.03.2021 08:11:59.082 GMT-0000,3242.426,3237,0.02,0.02
22.03.2021 08:11:59.182 GMT-0000,3246.221,3236.656,0.02,0.02
22.03.2021 08:12:01.467 GMT-0000,3246.467,3237.5740000000005,0.02,0.0075
22.03.2021 08:12:01.567 GMT-0000,3246.385,3236.6150000000002,0.02,0.02
22.03.2021 08:12:02.715 GMT-0000,3246,3238.82,0.02,0.0075
22.03.2021 08:12:03.750 GMT-0000,3248.5490000000004,3238.697,0.02,0.02
22.03.2021 08:12:04.076 GMT-0000,3248.508,3239.6150000000002,0.02,0.0075
22.03.2021 08:12:06.336 GMT-0000,3241.385,3239.533,0.0075,0.02
22.03.2021 08:12:10.476 GMT-0000,3241,3238.492,0.02,0.02
22.03.2021 08:12:15.348 GMT-0000,3241.426,3231.6150000000002,0.02,0.02
22.03.2021 08:12:15.398 GMT-0000,3238.385,3230.6150000000002,0.02,0.02
22.03.2021 08:12:17.312 GMT-0000,3236.426,3230.492,0.02,0.02
22.03.2021 08:12:27.441 GMT-0000,3235.1800000000003,3230.82,0.0075,0.02
22.03.2021 08:12:30.466 GMT-0000,3236.426,3230.492,0.02,0.02
22.03.2021 08:12:31.888 GMT-0000,3236.262,3233,0.02,0.0075
22.03.2021 08:12:38.940 GMT-0000,3244.5490000000004,3232.7790000000005,0.02,0.02
22.03.2021 08:12:38.990 GMT-0000,3244.5490000000004,3233.738,0.02,0.02
22.03.2021 08:12:39.480 GMT-0000,3239,3233.82,0.0075,0.02
22.03.2021 08:12:44.468 GMT-0000,3238.221,3233.6150000000002,0.0075,0.02
22.03.2021 08:12:51.801 GMT-0000,3237.262,3233.6150000000002,0.0075,0.02
22.03.2021 08:12:55.716 GMT-0000,3236.467,3233.492,0.0075,0.02
22.03.2021 08:12:59.555 GMT-0000,3239.385,3233.656,0.02,0.02
22.03.2021 08:12:59.839 GMT-0000,3238.426,3234,0.02,0.02
22.03.2021 08:13:09.880 GMT-0000,3238.303,3234.7790000000005,0.02,0.02
22.03.2021 08:13:18.347 GMT-0000,3241.262,3238.5740000000005,0.02,0.02
22.03.2021 08:13:22.762 GMT-0000,3248.303,3238.82,0.02,0.02
22.03.2021 08:13:23.356 GMT-0000,3248.3440000000005,3239.451,0.02,0.0075
22.03.2021 08:13:24.472 GMT-0000,3246.467,3240,0.0075,0.02
22.03.2021 08:13:24.522 GMT-0000,3248.508,3239.82,0.02,0.02
22.03.2021 08:13:24.694 GMT-0000,3244.467,3239.7790000000005,0.02,0.02
22.03.2021 08:13:28.438 GMT-0000,3244.5490000000004,3242,0.02,0.02
22.03.2021 08:13:30.553 GMT-0000,3244.3440000000005,3238.656,0.02,0.02
22.03.2021 08:13:32.548 GMT-0000,3243.5490000000004,3238.5740000000005,0.0075,0.02
22.03.2021 08:13:34.464 GMT-0000,3242.303,3238.738,0.0075,0.02
22.03.2021 08:13:34.894 GMT-0000,3242.3440000000005,3239.451,0.02,0.0075
22.03.2021 08:13:44.210 GMT-0000,3243.221,3239.656,0.02,0.02
22.03.2021 08:13:46.577 GMT-0000,3243.467,3238.656,0.02,0.02
22.03.2021 08:13:46.800 GMT-0000,3241.467,3238.492,0.0075,0.02
22.03.2021 08:13:55.257 GMT-0000,3241.508,3234.656,0.02,0.02
22.03.2021 08:13:55.674 GMT-0000,3239.303,3234.533,0.0075,0.02
22.03.2021 08:14:14.302 GMT-0000,3239.303,3235.82,0.02,0.0075
22.03.2021 08:14:15.272 GMT-0000,3238.508,3234.533,0.02,0.0075
22.03.2021 08:14:15.323 GMT-0000,3235.508,3230.533,0.02,0.02
22.03.2021 08:14:15.459 GMT-0000,3236.3440000000005,3230.6150000000002,0.02,0.02
22.03.2021 08:14:15.960 GMT-0000,3235.426,3230.738,0.02,0.02
22.03.2021 08:14:16.076 GMT-0000,3234,3230.738,0.0075,0.02
22.03.2021 08:14:16.127 GMT-0000,3235,3230.82,0.02,0.02
22.03.2021 08:14:17.983 GMT-0000,3234.385,3230.697,0.0075,0.02
22.03.2021 08:14:19.872 GMT-0000,3235,3233.738,0.0075,0.0075
22.03.2021 08:14:19.923 GMT-0000,3241.1800000000003,3233.697,0.02,0.02
22.03.2021 08:14:24.464 GMT-0000,3238.3440000000005,3233.533,0.0075,0.02
22.03.2021 08:14:24.569 GMT-0000,3238.221,3231.738,0.02,0.02
22.03.2021 08:14:27.468 GMT-0000,3238,3234.656,0.02,0.0075
22.03.2021 08:14:27.569 GMT-0000,3238.385,3235.738,0.02,0.02
22.03.2021 08:14:30.960 GMT-0000,3236.262,3230.697,0.02,0.02
22.03.2021 08:14:32.076 GMT-0000,3235.5490000000004,3225.656,0.02,0.02
22.03.2021 08:14:34.564 GMT-0000,3235.221,3229.451,0.02,0.02
22.03.2021 08:14:43.453 GMT-0000,3235.1800000000003,3231,0.02,0.0075
22.03.2021 08:14:44.861 GMT-0000,3236.467,3231.533,0.02,0.02
22.03.2021 08:14:49.871 GMT-0000,3236.303,3232.656,0.0075,0.0075
22.03.2021 08:14:49.922 GMT-0000,3241.3440000000005,3232.5740000000005,0.02,0.02
22.03.2021 08:14:52.468 GMT-0000,3238.5490000000004,3232.492,0.0075,0.02
22.03.2021 08:14:52.518 GMT-0000,3241.508,3232.533,0.02,0.02
22.03.2021 08:14:59.071 GMT-0000,3241.1800000000003,3233.82,0.02,0.02
22.03.2021 08:14:59.465 GMT-0000,3238.508,3233.7790000000005,0.0075,0.02
22.03.2021 08:14:59.515 GMT-0000,3235.508,3229.7790000000005,0.02,0.02
22.03.2021 08:14:59.668 GMT-0000,3233.303,3229.656,0.02,0.02
22.03.2021 08:15:04.110 GMT-0000,3233.508,3230.5740000000005,0.0075,0.0075
22.03.2021 08:15:04.161 GMT-0000,3237.262,3230.5740000000005,0.02,0.02
22.03.2021 08:15:04.261 GMT-0000,3238.426,3231,0.02,0.02
22.03.2021 08:15:04.480 GMT-0000,3237.262,3230.697,0.0075,0.02
22.03.2021 08:15:04.634 GMT-0000,3238.221,3230.492,0.02,0.02
22.03.2021 08:15:06.923 GMT-0000,3238,3232.492,0.02,0.0075
22.03.2021 08:15:13.137 GMT-0000,3237.467,3232.6150000000002,0.0075,0.02
22.03.2021 08:15:13.318 GMT-0000,3238.385,3232.697,0.02,0.02
22.03.2021 08:15:14.473 GMT-0000,3237,3232.492,0.0075,0.02
22.03.2021 08:15:27.286 GMT-0000,3236.303,3232.82,0.02,0.02
22.03.2021 08:15:28.268 GMT-0000,3236.508,3231.5740000000005,0.02,0.02
22.03.2021 08:15:35.684 GMT-0000,3234.426,3229.533,0.02,0.02
22.03.2021 08:15:35.802 GMT-0000,3235.221,3229.451,0.02,0.02
22.03.2021 08:15:37.004 GMT-0000,3234.508,3229.697,0.0075,0.0075
22.03.2021 08:15:37.054 GMT-0000,3233.508,3227.492,0.02,0.02
22.03.2021 08:15:37.169 GMT-0000,3233.426,3226.697,0.02,0.02
22.03.2021 08:15:38.135 GMT-0000,3234.508,3226.6150000000002,0.02,0.02
22.03.2021 08:15:39.472 GMT-0000,3232.262,3226.6150000000002,0.0075,0.02
22.03.2021 08:15:41.594 GMT-0000,3232.25,3230.492,0.0075,0.0075
22.03.2021 08:15:41.644 GMT-0000,3239.467,3232.533,0.02,0.02
22.03.2021 08:15:41.759 GMT-0000,3239.1800000000003,3230.533,0.02,0.02
22.03.2021 08:15:44.814 GMT-0000,3239.5490000000004,3232.5740000000005,0.02,0.0075
22.03.2021 08:15:44.864 GMT-0000,3241.1800000000003,3232.5740000000005,0.02,0.02
22.03.2021 08:15:45.348 GMT-0000,3241.303,3234.82,0.02,0.0075
22.03.2021 08:15:49.467 GMT-0000,3239.221,3234.7790000000005,0.02,0.02
22.03.2021 08:15:49.578 GMT-0000,3238.508,3234.492,0.02,0.02
22.03.2021 08:15:49.628 GMT-0000,3239.385,3235,0.02,0.02
22.03.2021 08:15:53.868 GMT-0000,3238.5490000000004,3235,0.02,0.02
22.03.2021 08:15:54.468 GMT-0000,3237.3440000000005,3234.451,0.0075,0.02
22.03.2021 08:15:55.481 GMT-0000,3237.262,3230.451,0.02,0.02
22.03.2021 08:15:55.633 GMT-0000,3237.303,3229,0.02,0.02
22.03.2021 08:15:56.533 GMT-0000,3237,3230.5740000000005,0.02,0.02
22.03.2021 08:16:00.114 GMT-0000,3238.3440000000005,3231.656,0.02,0.02
22.03.2021 08:16:00.164 GMT-0000,3238.426,3230.5740000000005,0.02,0.02
22.03.2021 08:16:01.111 GMT-0000,3237.262,3230.738,0.0075,0.02
22.03.2021 08:16:05.890 GMT-0000,3237.262,3231.82,0.0075,0.0075
22.03.2021 08:16:05.940 GMT-0000,3238.303,3231,0.02,0.02
22.03.2021 08:16:06.822 GMT-0000,3237.467,3231,0.0075,0.02
22.03.2021 08:16:07.453 GMT-0000,3238.262,3230.738,0.02,0.02
22.03.2021 08:16:10.020 GMT-0000,3237.5490000000004,3230.738,0.0075,0.02
22.03.2021 08:16:13.206 GMT-0000,3237.467,3231.5740000000005,0.02,0.0075
22.03.2021 08:16:15.626 GMT-0000,3238.385,3232.82,0.02,0.02
22.03.2021 08:16:15.771 GMT-0000,3238.262,3231.5740000000005,0.02,0.02
22.03.2021 08:16:16.147 GMT-0000,3237.303,3231.738,0.0075,0.0075
22.03.2021 08:16:16.197 GMT-0000,3237.221,3230.738,0.02,0.02
22.03.2021 08:16:16.488 GMT-0000,3238.262,3230.451,0.02,0.02
22.03.2021 08:16:16.692 GMT-0000,3237.508,3230.451,0.0075,0.02
22.03.2021 08:16:18.480 GMT-0000,3237.221,3232.697,0.0075,0.0075
22.03.2021 08:16:18.530 GMT-0000,3238.385,3232.656,0.02,0.02
22.03.2021 08:16:20.530 GMT-0000,3237.385,3232.492,0.0075,0.02
22.03.2021 08:16:21.921 GMT-0000,3238.508,3232.656,0.02,0.02
22.03.2021 08:16:22.310 GMT-0000,3237.221,3232.533,0.0075,0.02
22.03.2021 08:16:23.606 GMT-0000,3238.1800000000003,3233,0.02,0.02
22.03.2021 08:16:23.994 GMT-0000,3237.3440000000005,3232.451,0.0075,0.02
22.03.2021 08:16:27.520 GMT-0000,3237.3440000000005,3230.697,0.02,0.02
22.03.2021 08:16:32.010 GMT-0000,3238.3440000000005,3230.5740000000005,0.02,0.02
22.03.2021 08:16:32.306 GMT-0000,3237.385,3230.533,0.0075,0.02
22.03.2021 08:16:35.554 GMT-0000,3237.262,3232.6150000000002,0.02,0.0075
22.03.2021 08:16:37.618 GMT-0000,3238.467,3233,0.02,0.02
22.03.2021 08:16:38.693 GMT-0000,3237.5490000000004,3232.5740000000005,0.02,0.02
22.03.2021 08:16:39.178 GMT-0000,3238.426,3232.697,0.02,0.02
22.03.2021 08:16:39.800 GMT-0000,3237,3230.492,0.02,0.02
22.03.2021 08:16:40.674 GMT-0000,3238,3232.5740000000005,0.02,0.02
22.03.2021 08:16:49.476 GMT-0000,3237.262,3232.82,0.0075,0.0075
22.03.2021 08:16:49.526 GMT-0000,3237.303,3230.451,0.02,0.02
22.03.2021 08:17:02.932 GMT-0000,3237.1800000000003,3233.697,0.02,0.0075
22.03.2021 08:17:18.204 GMT-0000,3237.5,3236.738,0.0075,0.0075
22.03.2021 08:17:18.254 GMT-0000,3243.221,3236.697,0.02,0.02
22.03.2021 08:17:18.402 GMT-0000,3243.467,3238.656,0.0075,0.0075
22.03.2021 08:17:18.452 GMT-0000,3244.303,3238.451,0.02,0.02
22.03.2021 08:17:21.805 GMT-0000,3244.262,3240.656,0.02,0.0075
22.03.2021 08:17:21.905 GMT-0000,3244.5490000000004,3239.656,0.02,0.02
22.03.2021 08:17:21.956 GMT-0000,3247.262,3239.533,0.02,0.02
22.03.2021 08:17:23.268 GMT-0000,3245.1800000000003,3239.6150000000002,0.0075,0.02
22.03.2021 08:17:25.368 GMT-0000,3246.5490000000004,3239.656,0.02,0.02
22.03.2021 08:17:26.349 GMT-0000,3245,3239.697,0.02,0.02
22.03.2021 08:17:26.508 GMT-0000,3245.385,3240.738,0.02,0.02
22.03.2021 08:17:33.146 GMT-0000,3245,3241.6150000000002,0.02,0.0075
22.03.2021 08:17:45.653 GMT-0000,3251.5490000000004,3241.7790000000005,0.02,0.02
22.03.2021 08:17:45.703 GMT-0000,3252.385,3242.738,0.02,0.02
22.03.2021 08:17:45.872 GMT-0000,3249.5490000000004,3244.5740000000005,0.02,0.0075
22.03.2021 08:17:45.973 GMT-0000,3248.426,3242.492,0.02,0.02
22.03.2021 08:17:46.023 GMT-0000,3245,3241.656,0.02,0.02
22.03.2021 08:17:47.221 GMT-0000,3244.1800000000003,3239,0.02,0.02
22.03.2021 08:17:47.272 GMT-0000,3241.385,3235.738,0.02,0.02
22.03.2021 08:17:47.463 GMT-0000,3240,3236.656,0.02,0.0075
22.03.2021 08:17:47.514 GMT-0000,3240.467,3235.533,0.02,0.02
22.03.2021 08:17:47.850 GMT-0000,3240.426,3234.6150000000002,0.02,0.02
22.03.2021 08:17:47.927 GMT-0000,3240.426,3235.82,0.02,0.0075
22.03.2021 08:17:48.219 GMT-0000,3240.385,3238.75,0.02,0.0075
22.03.2021 08:17:48.319 GMT-0000,3240.221,3235.533,0.02,0.02
22.03.2021 08:17:48.526 GMT-0000,3241.1800000000003,3236.738,0.0075,0.02
22.03.2021 08:17:48.688 GMT-0000,3244.385,3236.82,0.02,0.02
22.03.2021 08:17:48.738 GMT-0000,3243.262,3237,0.02,0.02
22.03.2021 08:17:48.948 GMT-0000,3243.426,3238.6150000000002,0.02,0.0075
22.03.2021 08:17:49.158 GMT-0000,3245.1800000000003,3238.451,0.02,0.02
22.03.2021 08:17:49.457 GMT-0000,3245.5490000000004,3239.5740000000005,0.02,0.0075
22.03.2021 08:17:49.508 GMT-0000,3246.303,3240,0.02,0.02
22.03.2021 08:17:49.560 GMT-0000,3246.221,3240.82,0.02,0.0075
22.03.2021 08:17:51.234 GMT-0000,3247,3240.697,0.02,0.02
22.03.2021 08:17:51.292 GMT-0000,3246,3241.82,0.02,0.02
22.03.2021 08:17:55.509 GMT-0000,3246.3440000000005,3242.5740000000005,0.02,0.02
22.03.2021 08:17:55.559 GMT-0000,3250,3242.82,0.02,0.02
22.03.2021 08:17:55.664 GMT-0000,3250.426,3243.5740000000005,0.0075,0.0075
22.03.2021 08:17:55.714 GMT-0000,3251.426,3243.738,0.02,0.02
22.03.2021 08:17:57.133 GMT-0000,3253.467,3244,0.02,0.02
22.03.2021 08:17:59.485 GMT-0000,3252.1800000000003,3243.697,0.0075,0.02
22.03.2021 08:17:59.586 GMT-0000,3247.221,3242.492,0.02,0.02
22.03.2021 08:17:59.931 GMT-0000,3247.385,3241.492,0.02,0.02
22.03.2021 08:18:00.893 GMT-0000,3247.467,3244.738,0.02,0.0075
22.03.2021 08:18:04.252 GMT-0000,3252,3244.5740000000005,0.02,0.02
22.03.2021 08:18:04.303 GMT-0000,3247.467,3244.82,0.02,0.02
22.03.2021 08:18:06.672 GMT-0000,3248.426,3244.697,0.02,0.02
22.03.2021 08:18:08.190 GMT-0000,3254.5490000000004,3244.82,0.02,0.02
22.03.2021 08:18:09.144 GMT-0000,3254.5490000000004,3245.82,0.0075,0.0075
22.03.2021 08:18:09.195 GMT-0000,3256.262,3245.7790000000005,0.02,0.02
22.03.2021 08:18:09.481 GMT-0000,3252.467,3245.697,0.0075,0.02
22.03.2021 08:18:13.115 GMT-0000,3251.385,3245.82,0.02,0.02
22.03.2021 08:18:14.464 GMT-0000,3251,3246.7790000000005,0.02,0.0075
22.03.2021 08:18:14.514 GMT-0000,3250.5490000000004,3244.6150000000002,0.02,0.02
22.03.2021 08:18:18.396 GMT-0000,3251.3440000000005,3244.697,0.02,0.02
22.03.2021 08:18:19.501 GMT-0000,3250.426,3245.492,0.02,0.02
22.03.2021 08:18:23.006 GMT-0000,3250.303,3246.6150000000002,0.02,0.0075
22.03.2021 08:18:23.107 GMT-0000,3250.221,3245.738,0.02,0.02
22.03.2021 08:18:27.236 GMT-0000,3249.221,3245.656,0.02,0.02
22.03.2021 08:18:27.329 GMT-0000,3250.5490000000004,3245.492,0.02,0.02
22.03.2021 08:18:29.816 GMT-0000,3250.3440000000005,3246.738,0.02,0.02
22.03.2021 08:18:29.962 GMT-0000,3250.262,3245.6150000000002,0.02,0.02
22.03.2021 08:18:31.697 GMT-0000,3249.5490000000004,3245.738,0.0075,0.02
22.03.2021 08:18:37.331 GMT-0000,3249.467,3246.738,0.02,0.02
22.03.2021 08:18:37.794 GMT-0000,3247.3440000000005,3246.451,0.0075,0.0075
22.03.2021 08:18:37.844 GMT-0000,3247.221,3245.6150000000002,0.02,0.02
22.03.2021 08:18:38.043 GMT-0000,3249.467,3245.533,0.02,0.02
22.03.2021 08:18:38.519 GMT-0000,3249.1800000000003,3246.656,0.02,0.0075
22.03.2021 08:18:39.605 GMT-0000,3249.467,3245.697,0.02,0.02
22.03.2021 08:18:59.480 GMT-0000,3248.508,3245.533,0.0075,0.02
22.03.2021 08:19:00.036 GMT-0000,3248.1800000000003,3241.5740000000005,0.02,0.02
22.03.2021 08:19:02.788 GMT-0000,3248.221,3243.5740000000005,0.02,0.0075
22.03.2021 08:19:04.530 GMT-0000,3250.5490000000004,3243.738,0.02,0.02
22.03.2021 08:19:05.205 GMT-0000,3248.385,3243.451,0.0075,0.02
22.03.2021 08:19:07.268 GMT-0000,3248.1800000000003,3244.82,0.02,0.0075
22.03.2021 08:19:18.488 GMT-0000,3248.467,3245.7790000000005,0.02,0.02
22.03.2021 08:19:22.619 GMT-0000,3248.303,3246.451,0.02,0.0075
22.03.2021 08:19:22.719 GMT-0000,3250.1800000000003,3246.697,0.02,0.02
22.03.2021 08:19:22.917 GMT-0000,3255,3246.5740000000005,0.02,0.02
22.03.2021 08:19:23.732 GMT-0000,3254.426,3246.656,0.0075,0.02
22.03.2021 08:19:24.749 GMT-0000,3254.262,3249.656,0.02,0.0075
22.03.2021 08:19:25.370 GMT-0000,3254.303,3246.7790000000005,0.02,0.02
22.03.2021 08:19:26.449 GMT-0000,3254.262,3249.697,0.02,0.0075
22.03.2021 08:19:28.662 GMT-0000,3260,3250.492,0.02,0.02
22.03.2021 08:19:28.816 GMT-0000,3257.303,3252.5740000000005,0.0075,0.0075
22.03.2021 08:19:29.030 GMT-0000,3262.3440000000005,3251,0.02,0.02
22.03.2021 08:19:29.080 GMT-0000,3262.426,3252.492,0.02,0.02
22.03.2021 08:19:29.524 GMT-0000,3257.303,3252.7790000000005,0.0075,0.02
22.03.2021 08:19:37.885 GMT-0000,3257.508,3253.5740000000005,0.02,0.0075
22.03.2021 08:19:37.985 GMT-0000,3257.262,3253,0.02,0.02
22.03.2021 08:19:40.538 GMT-0000,3257.426,3253.656,0.02,0.0075
22.03.2021 08:19:40.588 GMT-0000,3257.221,3252.738,0.02,0.02
22.03.2021 08:19:47.106 GMT-0000,3256.1800000000003,3252.82,0.0075,0.02
22.03.2021 08:19:47.157 GMT-0000,3255.5490000000004,3249.656,0.02,0.02
22.03.2021 08:19:47.603 GMT-0000,3254.1800000000003,3249.5740000000005,0.0075,0.02
22.03.2021 08:19:52.366 GMT-0000,3256.1800000000003,3249.697,0.02,0.02
22.03.2021 08:19:52.416 GMT-0000,3257.1800000000003,3254.656,0.02,0.02
22.03.2021 08:19:53.994 GMT-0000,3259.3440000000005,3254.7790000000005,0.02,0.02
22.03.2021 08:19:54.095 GMT-0000,3262,3254.533,0.02,0.02
22.03.2021 08:19:54.145 GMT-0000,3259.221,3254.5740000000005,0.02,0.02
22.03.2021 08:19:55.464 GMT-0000,3259.262,3255.5740000000005,0.02,0.0075
22.03.2021 08:19:55.514 GMT-0000,3259.262,3254.738,0.02,0.02
22.03.2021 08:19:57.097 GMT-0000,3259,3255.5740000000005,0.0075,0.0075
22.03.2021 08:19:57.147 GMT-0000,3260.5490000000004,3255.7790000000005,0.02,0.02
22.03.2021 08:19:57.198 GMT-0000,3260.221,3254.533,0.02,0.02
22.03.2021 08:19:57.427 GMT-0000,3260.5490000000004,3252.656,0.02,0.02
22.03.2021 08:19:57.586 GMT-0000,3260.508,3254.533,0.02,0.02
22.03.2021 08:19:58.436 GMT-0000,3259.303,3254.82,0.02,0.02
22.03.2021 08:19:58.553 GMT-0000,3260.5490000000004,3254.451,0.02,0.02
22.03.2021 08:20:03.851 GMT-0000,3260.426,3256.5740000000005,0.02,0.0075
22.03.2021 08:20:05.926 GMT-0000,3261.508,3256.697,0.02,0.02
22.03.2021 08:20:07.480 GMT-0000,3261.1800000000003,3258,0.02,0.0075
22.03.2021 08:20:23.598 GMT-0000,3263.5490000000004,3257.451,0.02,0.02
22.03.2021 08:20:23.851 GMT-0000,3263.303,3258.5740000000005,0.0075,0.0075
22.03.2021 08:20:23.902 GMT-0000,3264.5490000000004,3258.656,0.02,0.02
22.03.2021 08:20:24.539 GMT-0000,3263.385,3258.492,0.0075,0.02
22.03.2021 08:20:24.639 GMT-0000,3264.221,3258.697,0.02,0.02
22.03.2021 08:20:25.676 GMT-0000,3263.508,3258.697,0.0075,0.0075
22.03.2021 08:20:25.726 GMT-0000,3263.3440000000005,3257.533,0.02,0.02
22.03.2021 08:20:36.298 GMT-0000,3264.3440000000005,3257.697,0.02,0.02
22.03.2021 08:20:36.493 GMT-0000,3263.5490000000004,3257.533,0.02,0.02
22.03.2021 08:20:46.864 GMT-0000,3263.221,3259.492,0.0075,0.0075
22.03.2021 08:20:46.915 GMT-0000,3264.426,3259.6150000000002,0.02,0.02
22.03.2021 08:20:48.226 GMT-0000,3263,3259.82,0.0075,0.02
22.03.2021 08:20:48.407 GMT-0000,3264.1800000000003,3259.451,0.02,0.02
22.03.2021 08:20:48.457 GMT-0000,3263.508,3259.656,0.02,0.02
22.03.2021 08:20:48.508 GMT-0000,3264.385,3260,0.02,0.02
22.03.2021 08:20:50.916 GMT-0000,3263.3440000000005,3259.738,0.02,0.02
22.03.2021 08:20:53.952 GMT-0000,3264.303,3259.7790000000005,0.02,0.02
22.03.2021 08:20:54.002 GMT-0000,3263.508,3259.7790000000005,0.02,0.02
22.03.2021 08:20:57.548 GMT-0000,3264.5490000000004,3259.738,0.02,0.02
22.03.2021 08:20:57.599 GMT-0000,3264.467,3261,0.02,0.02
22.03.2021 08:20:57.665 GMT-0000,3266.303,3260.6150000000002,0.02,0.02
22.03.2021 08:20:57.938 GMT-0000,3267.5490000000004,3260.533,0.02,0.02
22.03.2021 08:20:58.018 GMT-0000,3267.508,3261.656,0.02,0.0075
22.03.2021 08:20:58.177 GMT-0000,3268.221,3261.7790000000005,0.02,0.02
22.03.2021 08:21:01.105 GMT-0000,3269.426,3261.7790000000005,0.02,0.02
22.03.2021 08:21:01.155 GMT-0000,3268.467,3261.5740000000005,0.02,0.02
22.03.2021 08:21:01.981 GMT-0000,3269.467,3261.492,0.02,0.02
22.03.2021 08:21:02.080 GMT-0000,3268.1800000000003,3261.5740000000005,0.0075,0.02
22.03.2021 08:21:02.770 GMT-0000,3269.5490000000004,3261.7790000000005,0.02,0.02
22.03.2021 08:21:07.776 GMT-0000,3269,3264,0.02,0.0075
22.03.2021 08:21:10.409 GMT-0000,3273.508,3263.738,0.02,0.02
22.03.2021 08:21:12.912 GMT-0000,3273.262,3266.6150000000002,0.02,0.0075
22.03.2021 08:21:15.424 GMT-0000,3274.303,3266.656,0.02,0.02
22.03.2021 08:21:18.268 GMT-0000,3274,3267.6150000000002,0.02,0.0075
22.03.2021 08:21:18.811 GMT-0000,3272.5490000000004,3267.451,0.0075,0.02
22.03.2021 08:21:30.806 GMT-0000,3270.508,3267.533,0.02,0.02
22.03.2021 08:21:37.930 GMT-0000,3274.426,3268.492,0.02,0.02
22.03.2021 08:21:43.076 GMT-0000,3272.3440000000005,3268.6150000000002,0.0075,0.02
22.03.2021 08:21:47.940 GMT-0000,3271,3268.451,0.02,0.02
22.03.2021 08:21:53.569 GMT-0000,3271.221,3267.6150000000002,0.02,0.02
22.03.2021 08:21:56.326 GMT-0000,3270.426,3266.738,0.02,0.02
22.03.2021 08:21:56.472 GMT-0000,3270.508,3267.5740000000005,0.02,0.0075
22.03.2021 08:21:59.108 GMT-0000,3273.508,3267.5740000000005,0.02,0.02
22.03.2021 08:22:06.422 GMT-0000,3273.303,3268.738,0.02,0.02
22.03.2021 08:23:01.717 GMT-0000,3272,3268.7790000000005,0.0075,0.02
22.03.2021 08:23:02.664 GMT-0000,3271.3440000000005,3269.697,0.0075,0.0075
22.03.2021 08:23:02.715 GMT-0000,3273.508,3269.656,0.02,0.02
22.03.2021 08:23:02.816 GMT-0000,3272.426,3269.82,0.0075,0.0075
22.03.2021 08:23:02.866 GMT-0000,3272.5490000000004,3268.82,0.02,0.02
22.03.2021 08:23:02.916 GMT-0000,3271.426,3269,0.02,0.02
22.03.2021 08:23:03.064 GMT-0000,3270.5490000000004,3269,0.0075,0.0075
22.03.2021 08:23:03.115 GMT-0000,3272.426,3268,0.02,0.02
22.03.2021 08:23:03.268 GMT-0000,3270,3267.492,0.0075,0.02
22.03.2021 08:23:16.445 GMT-0000,3270.426,3268.492,0.0075,0.0075
22.03.2021 08:23:16.495 GMT-0000,3272,3268.5740000000005,0.02,0.02
22.03.2021 08:23:16.546 GMT-0000,3273.5490000000004,3264.738,0.02,0.02
22.03.2021 08:23:16.606 GMT-0000,3273.385,3268.5740000000005,0.02,0.02
22.03.2021 08:23:16.731 GMT-0000,3271.303,3268.82,0.0075,0.02
22.03.2021 08:23:17.766 GMT-0000,3273.467,3268.492,0.02,0.02
22.03.2021 08:23:18.238 GMT-0000,3278.426,3268.656,0.02,0.02
22.03.2021 08:23:19.080 GMT-0000,3275.426,3268.492,0.0075,0.02
22.03.2021 08:23:19.326 GMT-0000,3275,3267.738,0.02,0.02
22.03.2021 08:23:21.532 GMT-0000,3274.262,3267.5740000000005,0.0075,0.02
22.03.2021 08:23:21.825 GMT-0000,3275.508,3267.697,0.02,0.02
22.03.2021 08:23:24.080 GMT-0000,3275.303,3269.7790000000005,0.02,0.02
22.03.2021 08:23:25.074 GMT-0000,3272.467,3269.7790000000005,0.0075,0.0075
22.03.2021 08:23:25.124 GMT-0000,3271.426,3266.697,0.02,0.02
22.03.2021 08:23:25.268 GMT-0000,3272.221,3267,0.02,0.02
22.03.2021 08:23:26.718 GMT-0000,3271.221,3266.7790000000005,0.0075,0.02
22.03.2021 08:23:26.824 GMT-0000,3270.508,3266.82,0.02,0.02
22.03.2021 08:23:30.957 GMT-0000,3270.262,3265,0.02,0.02
22.03.2021 08:23:49.081 GMT-0000,3269.303,3264.82,0.0075,0.0075
22.03.2021 08:23:49.131 GMT-0000,3268.426,3260.6150000000002,0.02,0.02
22.03.2021 08:23:49.296 GMT-0000,3268.5490000000004,3262,0.0075,0.0075
22.03.2021 08:23:49.347 GMT-0000,3269.3440000000005,3261.492,0.02,0.02
22.03.2021 08:23:49.518 GMT-0000,3271.1800000000003,3261.6150000000002,0.02,0.02
22.03.2021 08:23:51.064 GMT-0000,3269.221,3260.5740000000005,0.02,0.02
22.03.2021 08:23:55.114 GMT-0000,3268.426,3260.82,0.02,0.02
22.03.2021 08:23:55.236 GMT-0000,3266.262,3260.533,0.02,0.02
22.03.2021 08:23:55.347 GMT-0000,3268.508,3260.7790000000005,0.02,0.02
22.03.2021 08:23:55.397 GMT-0000,3266.508,3260.7790000000005,0.02,0.02
22.03.2021 08:23:55.498 GMT-0000,3267.221,3261.492,0.02,0.02
22.03.2021 08:23:55.613 GMT-0000,3268.5490000000004,3261.656,0.02,0.02
22.03.2021 08:24:01.737 GMT-0000,3266.5490000000004,3261.492,0.02,0.02
22.03.2021 08:24:04.128 GMT-0000,3266.262,3263.6150000000002,0.02,0.02
22.03.2021 08:24:22.334 GMT-0000,3266.467,3260.738,0.02,0.02
22.03.2021 08:24:25.005 GMT-0000,3265.385,3260.656,0.0075,0.02
22.03.2021 08:24:44.842 GMT-0000,3265.385,3262.451,0.0075,0.0075
22.03.2021 08:24:44.892 GMT-0000,3269.1800000000003,3263,0.02,0.02
22.03.2021 08:24:46.112 GMT-0000,3266.303,3262.656,0.0075,0.0075
22.03.2021 08:24:46.162 GMT-0000,3266.303,3260.738,0.02,0.02
22.03.2021 08:24:46.213 GMT-0000,3269.1800000000003,3260.656,0.02,0.02
22.03.2021 08:24:46.669 GMT-0000,3265.5490000000004,3260.656,0.0075,0.02
22.03.2021 08:24:47.664 GMT-0000,3265.467,3261.451,0.02,0.0075
22.03.2021 08:24:56.028 GMT-0000,3264,3261.533,0.02,0.02
22.03.2021 08:24:56.078 GMT-0000,3263.385,3257.82,0.02,0.02
22.03.2021 08:25:08.703 GMT-0000,3263.508,3259.7790000000005,0.02,0.0075
22.03.2021 08:25:08.753 GMT-0000,3263.426,3258.533,0.02,0.02
22.03.2021 08:25:08.809 GMT-0000,3262.467,3257.697,0.02,0.02
22.03.2021 08:25:08.968 GMT-0000,3262.426,3255.451,0.02,0.02
22.03.2021 08:25:12.394 GMT-0000,3262.3440000000005,3257.697,0.02,0.0075
22.03.2021 08:25:22.910 GMT-0000,3261.426,3257.7790000000005,0.02,0.02
22.03.2021 08:25:52.222 GMT-0000,3261.303,3258.7790000000005,0.02,0.02
22.03.2021 08:25:59.696 GMT-0000,3261.426,3257.5740000000005,0.02,0.02
22.03.2021 08:26:00.725 GMT-0000,3260.3440000000005,3254.7790000000005,0.02,0.02
22.03.2021 08:26:00.776 GMT-0000,3259.1800000000003,3254.5740000000005,0.02,0.02
22.03.2021 08:26:06.046 GMT-0000,3257,3254.656,0.0075,0.02
22.03.2021 08:26:10.672 GMT-0000,3257.5,3255.656,0.0075,0.0075
22.03.2021 08:26:10.723 GMT-0000,3263.508,3254,0.02,0.02
22.03.2021 08:26:10.831 GMT-0000,3264.262,3253.738,0.02,0.02
22.03.2021 08:26:11.922 GMT-0000,3264.508,3254.697,0.02,0.0075
22.03.2021 08:26:13.472 GMT-0000,3264.5490000000004,3256.492,0.02,0.0075
22.03.2021 08:26:16.467 GMT-0000,3266.508,3256.697,0.02,0.02
22.03.2021 08:26:26.183 GMT-0000,3266.5490000000004,3259.533,0.0075,0.0075
22.03.2021 08:26:26.766 GMT-0000,3264.508,3259.533,0.0075,0.02
22.03.2021 08:26:29.468 GMT-0000,3264,3261.492,0.02,0.0075
22.03.2021 08:26:39.255 GMT-0000,3270.1800000000003,3261.738,0.02,0.02
22.03.2021 08:26:39.305 GMT-0000,3270.1800000000003,3262.451,0.02,0.02
22.03.2021 08:26:39.356 GMT-0000,3270.5490000000004,3261.82,0.02,0.02
22.03.2021 08:26:42.973 GMT-0000,3270.467,3263.5740000000005,0.0075,0.0075
22.03.2021 08:26:43.023 GMT-0000,3271.3440000000005,3263.656,0.02,0.02
22.03.2021 08:26:43.074 GMT-0000,3272.508,3263.82,0.02,0.02
22.03.2021 08:26:44.272 GMT-0000,3269.426,3264.533,0.0075,0.0075
22.03.2021 08:26:49.276 GMT-0000,3266.5490000000004,3264.697,0.0075,0.0075
22.03.2021 08:26:49.327 GMT-0000,3266.262,3259.7790000000005,0.02,0.02
22.03.2021 08:26:49.866 GMT-0000,3267.508,3259.6150000000002,0.02,0.02
22.03.2021 08:26:50.076 GMT-0000,3267.508,3262.82,0.02,0.0075
22.03.2021 08:26:51.782 GMT-0000,3266.1800000000003,3262.82,0.02,0.02
22.03.2021 08:27:03.157 GMT-0000,3266,3263.451,0.02,0.02
22.03.2021 08:27:33.223 GMT-0000,3265.262,3262.7790000000005,0.02,0.02
22.03.2021 08:27:33.274 GMT-0000,3264.1800000000003,3259.6150000000002,0.02,0.02
22.03.2021 08:27:33.324 GMT-0000,3263.508,3259.82,0.02,0.02
22.03.2021 08:27:40.220 GMT-0000,3265.5490000000004,3260.697,0.02,0.02
22.03.2021 08:27:40.271 GMT-0000,3270.467,3260.7790000000005,0.02,0.02
22.03.2021 08:27:50.476 GMT-0000,3267.303,3263,0.0075,0.0075
22.03.2021 08:27:50.526 GMT-0000,3270.385,3263,0.02,0.02
22.03.2021 08:28:01.178 GMT-0000,3272.385,3262.533,0.02,0.02
22.03.2021 08:28:01.792 GMT-0000,3268.426,3262.697,0.0075,0.02
22.03.2021 08:28:07.696 GMT-0000,3268.5490000000004,3263.5740000000005,0.02,0.02
22.03.2021 08:28:19.726 GMT-0000,3267.5490000000004,3260.451,0.02,0.02
22.03.2021 08:28:25.856 GMT-0000,3267.385,3261.451,0.02,0.0075
22.03.2021 08:28:36.970 GMT-0000,3267,3262.697,0.02,0.02
22.03.2021 08:28:37.020 GMT-0000,3270.3440000000005,3262.656,0.02,0.02
22.03.2021 08:28:39.208 GMT-0000,3272.262,3262.738,0.02,0.02
22.03.2021 08:28:41.788 GMT-0000,3269.262,3263,0.0075,0.02
22.03.2021 08:28:48.557 GMT-0000,3269.303,3265.451,0.02,0.0075
22.03.2021 08:29:04.629 GMT-0000,3269.426,3266.6150000000002,0.0075,0.0075
22.03.2021 08:29:04.679 GMT-0000,3274.5490000000004,3266.656,0.02,0.02
22.03.2021 08:29:05.207 GMT-0000,3274.426,3268.738,0.0075,0.0075
22.03.2021 08:29:05.258 GMT-0000,3275.3440000000005,3268.7790000000005,0.02,0.02
22.03.2021 08:29:05.754 GMT-0000,3276.5490000000004,3268.533,0.02,0.02
22.03.2021 08:29:16.797 GMT-0000,3271.25,3268.7790000000005,0.0075,0.02
22.03.2021 08:29:32.676 GMT-0000,3270.303,3268.82,0.0075,0.0075
22.03.2021 08:29:32.726 GMT-0000,3270.467,3266.7790000000005,0.02,0.02
22.03.2021 08:29:33.516 GMT-0000,3269.5490000000004,3266.697,0.0075,0.0075
22.03.2021 08:29:33.566 GMT-0000,3269.467,3263.738,0.02,0.02
22.03.2021 08:29:34.115 GMT-0000,3270.385,3263.738,0.02,0.02
22.03.2021 08:29:37.404 GMT-0000,3270.262,3265.82,0.02,0.02
22.03.2021 08:29:57.866 GMT-0000,3270.303,3267,0.02,0.0075
22.03.2021 08:30:04.388 GMT-0000,3269.385,3266.492,0.0075,0.0075
22.03.2021 08:30:04.438 GMT-0000,3269.467,3265.82,0.02,0.02
22.03.2021 08:30:04.489 GMT-0000,3268.467,3263,0.02,0.02
22.03.2021 08:30:06.797 GMT-0000,3266.262,3262.492,0.0075,0.02
22.03.2021 08:30:06.898 GMT-0000,3267,3262.6150000000002,0.02,0.02
22.03.2021 08:30:10.311 GMT-0000,3266.467,3262.82,0.0075,0.02
22.03.2021 08:30:10.414 GMT-0000,3267.508,3262.451,0.02,0.02
22.03.2021 08:30:17.163 GMT-0000,3267.467,3261.738,0.02,0.02
22.03.2021 08:30:18.451 GMT-0000,3267.385,3262.7790000000005,0.02,0.0075
22.03.2021 08:30:31.358 GMT-0000,3267,3261.738,0.02,0.02
22.03.2021 08:30:32.147 GMT-0000,3267.303,3263.492,0.0075,0.0075
22.03.2021 08:30:32.198 GMT-0000,3269.221,3263.7790000000005,0.02,0.02
22.03.2021 08:30:32.264 GMT-0000,3269.508,3261.738,0.02,0.02
22.03.2021 08:30:32.554 GMT-0000,3270,3262.7790000000005,0.02,0.02
22.03.2021 08:30:32.658 GMT-0000,3269.3440000000005,3262.451,0.02,0.02
22.03.2021 08:30:32.768 GMT-0000,3270.426,3262.6150000000002,0.02,0.02
22.03.2021 08:30:32.819 GMT-0000,3269.467,3262.533,0.02,0.02
22.03.2021 08:30:34.283 GMT-0000,3267,3262.533,0.0075,0.02
22.03.2021 08:30:34.334 GMT-0000,3267.262,3261.656,0.02,0.02
22.03.2021 08:30:34.489 GMT-0000,3268.5490000000004,3261.492,0.02,0.02
22.03.2021 08:30:45.920 GMT-0000,3268,3263.82,0.0075,0.0075
22.03.2021 08:30:46.021 GMT-0000,3269,3262.656,0.02,0.02
22.03.2021 08:30:48.421 GMT-0000,3270.303,3262.7790000000005,0.02,0.02
22.03.2021 08:30:48.868 GMT-0000,3269.426,3262.5740000000005,0.02,0.02
22.03.2021 08:30:49.526 GMT-0000,3270.221,3262.738,0.02,0.02
22.03.2021 08:30:51.816 GMT-0000,3270.3440000000005,3264.697,0.02,0.02
22.03.2021 08:30:52.206 GMT-0000,3269,3264.697,0.0075,0.02
22.03.2021 08:30:57.950 GMT-0000,3270.426,3265,0.02,0.02
22.03.2021 08:30:59.942 GMT-0000,3269.5490000000004,3264.697,0.0075,0.02
22.03.2021 08:31:04.571 GMT-0000,3270.426,3265.697,0.02,0.02
22.03.2021 08:31:06.797 GMT-0000,3267.25,3265.82,0.0075,0.02
22.03.2021 08:31:07.465 GMT-0000,3270.385,3265.6150000000002,0.02,0.02
22.03.2021 08:31:07.566 GMT-0000,3271.508,3266.451,0.02,0.02
22.03.2021 08:31:08.564 GMT-0000,3272.508,3266.492,0.02,0.02
22.03.2021 08:31:09.174 GMT-0000,3271.5490000000004,3266.5740000000005,0.02,0.02
22.03.2021 08:31:09.651 GMT-0000,3272.5490000000004,3266.451,0.02,0.02
22.03.2021 08:31:12.804 GMT-0000,3269.3440000000005,3266.5740000000005,0.0075,0.02
22.03.2021 08:31:13.564 GMT-0000,3269.262,3267.697,0.02,0.0075
22.03.2021 08:31:13.614 GMT-0000,3269.1800000000003,3265.697,0.02,0.02
22.03.2021 08:31:13.945 GMT-0000,3268.3440000000005,3265.492,0.02,0.02
22.03.2021 08:31:15.208 GMT-0000,3269,3264.738,0.02,0.02
22.03.2021 08:31:19.124 GMT-0000,3267.303,3264.451,0.0075,0.02
22.03.2021 08:31:23.926 GMT-0000,3267,3262.82,0.02,0.02
22.03.2021 08:31:24.122 GMT-0000,3267.303,3263.492,0.0075,0.0075
22.03.2021 08:31:24.172 GMT-0000,3271.262,3263.6150000000002,0.02,0.02
22.03.2021 08:31:24.223 GMT-0000,3269.385,3263.5740000000005,0.02,0.02
22.03.2021 08:31:24.273 GMT-0000,3271.426,3263.6150000000002,0.02,0.02
22.03.2021 08:31:28.732 GMT-0000,3270.3440000000005,3263.7790000000005,0.0075,0.02
22.03.2021 08:31:29.255 GMT-0000,3270,3263,0.02,0.02
22.03.2021 08:31:31.399 GMT-0000,3270,3263.738,0.02,0.02
22.03.2021 08:31:34.737 GMT-0000,3270.5490000000004,3264.82,0.02,0.0075
22.03.2021 08:31:34.864 GMT-0000,3268.467,3265.492,0.0075,0.02
22.03.2021 08:31:34.914 GMT-0000,3268.426,3262.5740000000005,0.02,0.02
22.03.2021 08:31:35.064 GMT-0000,3268.262,3263.7790000000005,0.02,0.0075
22.03.2021 08:31:37.204 GMT-0000,3268.385,3262.492,0.02,0.02
22.03.2021 08:31:37.400 GMT-0000,3268.385,3263.82,0.02,0.0075
22.03.2021 08:31:38.089 GMT-0000,3268.262,3262.492,0.02,0.02
22.03.2021 08:31:38.205 GMT-0000,3268.303,3263.7790000000005,0.02,0.0075
22.03.2021 08:31:39.595 GMT-0000,3268.385,3262.656,0.02,0.02
22.03.2021 08:31:40.618 GMT-0000,3265.221,3261.5740000000005,0.02,0.02
22.03.2021 08:31:42.354 GMT-0000,3265,3263.6150000000002,0.02,0.0075
22.03.2021 08:31:44.965 GMT-0000,3268.5490000000004,3263.738,0.02,0.02
22.03.2021 08:31:45.088 GMT-0000,3270.385,3263.697,0.02,0.02
22.03.2021 08:31:51.014 GMT-0000,3268.3440000000005,3263.656,0.0075,0.0075
22.03.2021 08:31:51.064 GMT-0000,3268.303,3261.6150000000002,0.02,0.02
22.03.2021 08:31:52.235 GMT-0000,3268.467,3260.6150000000002,0.02,0.02
22.03.2021 08:31:54.321 GMT-0000,3268.262,3261.697,0.02,0.0075
22.03.2021 08:31:56.813 GMT-0000,3269.221,3261.451,0.02,0.02
22.03.2021 08:31:56.872 GMT-0000,3266.3440000000005,3263.656,0.0075,0.0075
22.03.2021 08:31:58.496 GMT-0000,3268.467,3263.492,0.02,0.02
22.03.2021 08:32:05.876 GMT-0000,3267.221,3260.82,0.02,0.02
22.03.2021 08:32:07.189 GMT-0000,3267.303,3261.492,0.02,0.0075
22.03.2021 08:32:07.531 GMT-0000,3267.385,3260.451,0.02,0.02
22.03.2021 08:32:07.788 GMT-0000,3267.262,3262,0.02,0.0075
22.03.2021 08:32:08.855 GMT-0000,3267.426,3260.533,0.02,0.02
22.03.2021 08:32:09.124 GMT-0000,3267.303,3261.492,0.02,0.0075
22.03.2021 08:32:09.746 GMT-0000,3267.426,3260.492,0.02,0.02
22.03.2021 08:32:10.373 GMT-0000,3267.3440000000005,3263.656,0.02,0.0075
22.03.2021 08:32:10.424 GMT-0000,3267.3440000000005,3262,0.02,0.02
22.03.2021 08:32:23.844 GMT-0000,3267.426,3260.533,0.02,0.02
22.03.2021 08:32:31.529 GMT-0000,3264,3261,0.02,0.02
22.03.2021 08:32:32.577 GMT-0000,3264.467,3261.6150000000002,0.02,0.0075
22.03.2021 08:32:33.151 GMT-0000,3264.467,3260.451,0.02,0.02
22.03.2021 08:32:34.111 GMT-0000,3264.467,3259.492,0.02,0.02
22.03.2021 08:32:37.268 GMT-0000,3263.3440000000005,3259.738,0.0075,0.02
22.03.2021 08:32:42.927 GMT-0000,3263.1800000000003,3260.7790000000005,0.02,0.0075
22.03.2021 08:32:53.165 GMT-0000,3263.262,3259.738,0.02,0.02
22.03.2021 08:32:54.864 GMT-0000,3263.385,3260.533,0.02,0.0075
22.03.2021 08:33:00.670 GMT-0000,3264.303,3260.82,0.02,0.02
22.03.2021 08:33:04.753 GMT-0000,3264.426,3259.738,0.02,0.02
22.03.2021 08:33:04.854 GMT-0000,3263.262,3259.7790000000005,0.02,0.02
22.03.2021 08:33:14.072 GMT-0000,3263,3257.6150000000002,0.02,0.02
22.03.2021 08:33:14.173 GMT-0000,3261.5490000000004,3256.82,0.02,0.02
22.03.2021 08:33:15.165 GMT-0000,3261.385,3254.738,0.02,0.02
22.03.2021 08:33:15.728 GMT-0000,3260.303,3254.82,0.02,0.02
22.03.2021 08:33:17.241 GMT-0000,3259.385,3254.738,0.0075,0.02
22.03.2021 08:33:22.848 GMT-0000,3259.467,3253.533,0.02,0.02
22.03.2021 08:33:22.898 GMT-0000,3259.467,3255.492,0.02,0.02
22.03.2021 08:33:42.561 GMT-0000,3259.426,3256.451,0.02,0.02
22.03.2021 08:33:54.319 GMT-0000,3259,3257.492,0.0075,0.0075
22.03.2021 08:33:54.369 GMT-0000,3264.385,3257.738,0.02,0.02
22.03.2021 08:33:54.420 GMT-0000,3263.426,3257.492,0.02,0.02
22.03.2021 08:33:55.513 GMT-0000,3263.5490000000004,3259.697,0.02,0.0075
22.03.2021 08:33:58.921 GMT-0000,3262.426,3259.82,0.0075,0.02
22.03.2021 08:34:19.834 GMT-0000,3262.467,3260.738,0.02,0.02
22.03.2021 08:34:19.885 GMT-0000,3262.5490000000004,3259.451,0.02,0.02
22.03.2021 08:34:23.476 GMT-0000,3262.303,3260.451,0.0075,0.0075
22.03.2021 08:34:23.526 GMT-0000,3264,3259.738,0.02,0.02
22.03.2021 08:34:23.577 GMT-0000,3263.467,3259.492,0.02,0.02
22.03.2021 08:34:23.627 GMT-0000,3264.508,3259.82,0.02,0.02
22.03.2021 08:34:24.897 GMT-0000,3264,3260.492,0.0075,0.0075
22.03.2021 08:34:24.947 GMT-0000,3266,3260.451,0.02,0.02
22.03.2021 08:34:25.116 GMT-0000,3265.3440000000005,3260.697,0.02,0.02
22.03.2021 08:34:25.422 GMT-0000,3266.426,3260.697,0.02,0.02
22.03.2021 08:34:25.548 GMT-0000,3267.5490000000004,3260.656,0.02,0.02
22.03.2021 08:34:25.664 GMT-0000,3267.426,3262.656,0.02,0.0075
22.03.2021 08:34:25.764 GMT-0000,3267.3440000000005,3260.656,0.02,0.02
22.03.2021 08:34:26.454 GMT-0000,3267.5490000000004,3261.738,0.02,0.02
22.03.2021 08:34:26.706 GMT-0000,3267.467,3260.738,0.02,0.02
22.03.2021 08:34:27.497 GMT-0000,3267.1800000000003,3262.656,0.02,0.0075
22.03.2021 08:34:28.609 GMT-0000,3265.426,3263,0.0075,0.02
22.03.2021 08:34:29.784 GMT-0000,3264,3262.6150000000002,0.0075,0.0075
22.03.2021 08:34:29.835 GMT-0000,3264.1800000000003,3261.533,0.02,0.02
22.03.2021 08:34:29.933 GMT-0000,3264,3262.451,0.02,0.0075
22.03.2021 08:34:33.322 GMT-0000,3265.467,3262.738,0.02,0.02
22.03.2021 08:34:47.198 GMT-0000,3265.303,3264.533,0.0075,0.0075
22.03.2021 08:34:47.249 GMT-0000,3266.221,3264.451,0.02,0.02
22.03.2021 08:34:47.349 GMT-0000,3269.262,3263.492,0.02,0.02
22.03.2021 08:34:47.399 GMT-0000,3268.3440000000005,3263.7790000000005,0.02,0.02
22.03.2021 08:34:47.524 GMT-0000,3268.262,3264.6150000000002,0.02,0.0075
22.03.2021 08:34:48.172 GMT-0000,3268.426,3265.533,0.0075,0.0075
22.03.2021 08:34:48.223 GMT-0000,3272.303,3265.6150000000002,0.02,0.02
22.03.2021 08:34:49.076 GMT-0000,3272,3266.697,0.02,0.0075
22.03.2021 08:34:49.126 GMT-0000,3273.5490000000004,3266.492,0.02,0.02
22.03.2021 08:34:49.254 GMT-0000,3273.303,3267.697,0.0075,0.0075
22.03.2021 08:34:49.304 GMT-0000,3274.1800000000003,3267.492,0.02,0.02
22.03.2021 08:34:50.014 GMT-0000,3273.508,3267.738,0.0075,0.0075
22.03.2021 08:34:50.064 GMT-0000,3273.385,3266.656,0.02,0.02
22.03.2021 08:34:50.340 GMT-0000,3272.1800000000003,3267.738,0.0075,0.0075
22.03.2021 08:34:50.491 GMT-0000,3276,3268.533,0.02,0.02
22.03.2021 08:34:50.541 GMT-0000,3273.508,3268.533,0.02,0.02
22.03.2021 08:34:50.591 GMT-0000,3273.221,3267.82,0.02,0.02
22.03.2021 08:34:50.781 GMT-0000,3273.3440000000005,3269.656,0.0075,0.0075
22.03.2021 08:34:50.831 GMT-0000,3275.1800000000003,3269.7790000000005,0.02,0.02
22.03.2021 08:34:51.809 GMT-0000,3272.508,3269.738,0.0075,0.02
22.03.2021 08:34:51.972 GMT-0000,3273.5490000000004,3267.697,0.02,0.02
22.03.2021 08:34:55.547 GMT-0000,3272,3267.5740000000005,0.02,0.02
22.03.2021 08:34:56.527 GMT-0000,3272,3269.451,0.02,0.0075
22.03.2021 08:34:56.800 GMT-0000,3271.508,3269.738,0.0075,0.0075
22.03.2021 08:34:56.850 GMT-0000,3271.426,3268.82,0.02,0.02
22.03.2021 08:34:56.971 GMT-0000,3270.5490000000004,3268,0.02,0.02
22.03.2021 08:34:57.022 GMT-0000,3270.221,3266.656,0.02,0.02
22.03.2021 08:34:57.131 GMT-0000,3271.5490000000004,3265.5740000000005,0.02,0.02
22.03.2021 08:34:57.234 GMT-0000,3271.221,3264.82,0.02,0.02
22.03.2021 08:34:57.284 GMT-0000,3271,3265.697,0.02,0.02
22.03.2021 08:34:57.694 GMT-0000,3271.5490000000004,3264.697,0.02,0.02
22.03.2021 08:34:57.801 GMT-0000,3271.508,3267.533,0.02,0.0075
22.03.2021 08:34:57.903 GMT-0000,3270.262,3267.656,0.02,0.02
22.03.2021 08:34:58.214 GMT-0000,3269.262,3267.75,0.02,0.0075
22.03.2021 08:34:58.265 GMT-0000,3269.303,3264.697,0.02,0.02
22.03.2021 08:34:58.720 GMT-0000,3268.426,3264.6150000000002,0.02,0.02
22.03.2021 08:34:58.864 GMT-0000,3268.262,3265.451,0.02,0.0075
22.03.2021 08:34:59.804 GMT-0000,3267.426,3265.697,0.0075,0.0075
22.03.2021 08:34:59.854 GMT-0000,3267.426,3264.656,0.02,0.02
22.03.2021 08:34:59.905 GMT-0000,3267.508,3265.82,0.02,0.02
22.03.2021 08:35:00.803 GMT-0000,3271,3265.492,0.02,0.02
22.03.2021 08:35:01.481 GMT-0000,3271.467,3266.533,0.02,0.02
22.03.2021 08:35:01.591 GMT-0000,3271.303,3265.533,0.02,0.02
22.03.2021 08:35:03.956 GMT-0000,3270.5490000000004,3266,0.0075,0.02
22.03.2021 08:35:05.512 GMT-0000,3269,3265.6150000000002,0.02,0.02
22.03.2021 08:35:05.613 GMT-0000,3269,3266.5740000000005,0.02,0.02
22.03.2021 08:35:05.812 GMT-0000,3269,3265.697,0.02,0.02
22.03.2021 08:35:09.615 GMT-0000,3269.1800000000003,3266.738,0.02,0.0075
22.03.2021 08:35:10.015 GMT-0000,3269.5490000000004,3267.697,0.0075,0.0075
22.03.2021 08:35:10.066 GMT-0000,3276.221,3267.492,0.02,0.02
22.03.2021 08:35:10.116 GMT-0000,3275.385,3267.738,0.02,0.02
22.03.2021 08:35:10.498 GMT-0000,3276.5490000000004,3270.6150000000002,0.02,0.02
22.03.2021 08:35:10.838 GMT-0000,3276.1800000000003,3268.451,0.02,0.02
22.03.2021 08:35:11.224 GMT-0000,3276,3271.6150000000002,0.02,0.0075
22.03.2021 08:35:11.325 GMT-0000,3275.467,3271.6150000000002,0.02,0.02
22.03.2021 08:35:11.375 GMT-0000,3277.303,3271.656,0.02,0.02
22.03.2021 08:35:11.805 GMT-0000,3275.467,3271.492,0.0075,0.0075
22.03.2021 08:35:11.855 GMT-0000,3275.467,3270.5740000000005,0.02,0.02
22.03.2021 08:35:11.906 GMT-0000,3275.3440000000005,3268.656,0.02,0.02
22.03.2021 08:35:13.825 GMT-0000,3274.3440000000005,3268.82,0.0075,0.0075
22.03.2021 08:35:13.876 GMT-0000,3274.303,3267.451,0.02,0.02
22.03.2021 08:35:16.804 GMT-0000,3273.5490000000004,3267.656,0.0075,0.02
22.03.2021 08:35:19.500 GMT-0000,3272.508,3267.492,0.0075,0.02
22.03.2021 08:35:19.601 GMT-0000,3271.3440000000005,3267.738,0.02,0.02
22.03.2021 08:35:19.651 GMT-0000,3273,3267.82,0.02,0.02
22.03.2021 08:35:20.529 GMT-0000,3273.5490000000004,3268.533,0.02,0.0075
22.03.2021 08:35:21.852 GMT-0000,3274.303,3268.82,0.02,0.02
22.03.2021 08:35:22.310 GMT-0000,3273.467,3268.656,0.0075,0.02
22.03.2021 08:35:22.841 GMT-0000,3274.508,3268.82,0.02,0.02
22.03.2021 08:35:31.868 GMT-0000,3273.1800000000003,3268.738,0.0075,0.02
22.03.2021 08:35:31.918 GMT-0000,3274.385,3269,0.02,0.02
22.03.2021 08:35:32.362 GMT-0000,3273.5490000000004,3268.697,0.0075,0.0075
22.03.2021 08:35:32.516 GMT-0000,3270.508,3266.533,0.0075,0.02
22.03.2021 08:35:32.566 GMT-0000,3274.5490000000004,3266.451,0.02,0.02
22.03.2021 08:35:32.616 GMT-0000,3270.262,3266.6150000000002,0.02,0.02
22.03.2021 08:35:33.349 GMT-0000,3270.262,3267.7790000000005,0.0075,0.0075
22.03.2021 08:35:33.399 GMT-0000,3270.303,3267,0.02,0.02
22.03.2021 08:35:33.934 GMT-0000,3268.467,3264.697,0.0075,0.02
22.03.2021 08:35:34.518 GMT-0000,3267.385,3264.492,0.02,0.02
22.03.2021 08:35:36.550 GMT-0000,3269.5490000000004,3264.492,0.02,0.02
22.03.2021 08:35:38.374 GMT-0000,3267,3264.738,0.0075,0.02
22.03.2021 08:35:38.539 GMT-0000,3268.467,3264.5740000000005,0.02,0.02
22.03.2021 08:35:40.272 GMT-0000,3267.426,3264.697,0.0075,0.02
22.03.2021 08:35:40.480 GMT-0000,3267.3440000000005,3262.533,0.02,0.02
22.03.2021 08:35:43.280 GMT-0000,3267.303,3261.82,0.02,0.02
22.03.2021 08:35:53.620 GMT-0000,3266.303,3261.656,0.0075,0.0075
22.03.2021 08:35:53.671 GMT-0000,3265.221,3259.451,0.02,0.02
22.03.2021 08:35:54.757 GMT-0000,3266.221,3262.738,0.02,0.02
22.03.2021 08:35:54.954 GMT-0000,3267.1800000000003,3262.533,0.02,0.02
22.03.2021 08:35:55.779 GMT-0000,3267.1800000000003,3259.492,0.02,0.02
22.03.2021 08:35:56.711 GMT-0000,3266.3440000000005,3259.738,0.0075,0.02
22.03.2021 08:35:57.142 GMT-0000,3265.1800000000003,3262.492,0.02,0.0075
22.03.2021 08:35:57.517 GMT-0000,3267.426,3262.697,0.02,0.02
22.03.2021 08:35:57.567 GMT-0000,3267.467,3263.738,0.02,0.02
22.03.2021 08:35:57.618 GMT-0000,3267,3262.492,0.02,0.02
22.03.2021 08:35:59.730 GMT-0000,3269.426,3262.5740000000005,0.02,0.02
22.03.2021 08:36:01.891 GMT-0000,3270.426,3262.5740000000005,0.02,0.02
22.03.2021 08:36:02.392 GMT-0000,3269.508,3262.451,0.0075,0.02
22.03.2021 08:36:02.915 GMT-0000,3267.426,3262.5740000000005,0.0075,0.02
22.03.2021 08:36:03.229 GMT-0000,3266.508,3262.5740000000005,0.0075,0.0075
22.03.2021 08:36:03.279 GMT-0000,3266.5490000000004,3260.82,0.02,0.02
22.03.2021 08:36:03.330 GMT-0000,3265.467,3260.697,0.02,0.02
22.03.2021 08:36:04.433 GMT-0000,3263.5490000000004,3257.492,0.02,0.02
22.03.2021 08:36:07.248 GMT-0000,3265.262,3259.6150000000002,0.02,0.0075
22.03.2021 08:36:07.911 GMT-0000,3265.508,3260.5740000000005,0.02,0.0075
22.03.2021 08:36:07.961 GMT-0000,3265,3259.533,0.02,0.02
22.03.2021 08:36:10.416 GMT-0000,3263.262,3259.492,0.0075,0.02
22.03.2021 08:36:12.135 GMT-0000,3263.467,3260.451,0.02,0.0075
22.03.2021 08:36:12.338 GMT-0000,3265.262,3260.697,0.02,0.02
22.03.2021 08:36:12.476 GMT-0000,3265.426,3263.6150000000002,0.0075,0.0075
22.03.2021 08:36:12.526 GMT-0000,3268.262,3263.5740000000005,0.02,0.02
22.03.2021 08:36:12.577 GMT-0000,3268.303,3262.6150000000002,0.02,0.02
22.03.2021 08:36:14.276 GMT-0000,3267.5490000000004,3262.5740000000005,0.02,0.02
22.03.2021 08:36:15.419 GMT-0000,3268.262,3264.492,0.02,0.02
22.03.2021 08:36:15.470 GMT-0000,3268,3262.7790000000005,0.02,0.02
22.03.2021 08:36:15.672 GMT-0000,3268.508,3265,0.0075,0.0075
22.03.2021 08:36:15.722 GMT-0000,3269,3265,0.02,0.02
22.03.2021 08:36:15.773 GMT-0000,3268.303,3262.82,0.02,0.02
22.03.2021 08:36:16.401 GMT-0000,3269.508,3262.492,0.02,0.02
22.03.2021 08:36:18.266 GMT-0000,3268.303,3262.82,0.02,0.02
22.03.2021 08:36:18.900 GMT-0000,3267.3440000000005,3262.451,0.0075,0.02
22.03.2021 08:36:19.333 GMT-0000,3267.221,3260.738,0.02,0.02
22.03.2021 08:36:19.434 GMT-0000,3265.508,3259.82,0.02,0.02
22.03.2021 08:36:19.840 GMT-0000,3264.467,3259.5740000000005,0.0075,0.02
22.03.2021 08:36:21.504 GMT-0000,3264.508,3261.5740000000005,0.02,0.0075
22.03.2021 08:36:28.187 GMT-0000,3270.303,3261.451,0.02,0.02
22.03.2021 08:36:29.601 GMT-0000,3270.467,3263.697,0.02,0.0075
22.03.2021 08:36:29.652 GMT-0000,3272.467,3261.492,0.02,0.02
22.03.2021 08:36:29.702 GMT-0000,3272.303,3263.533,0.02,0.02
22.03.2021 08:36:29.855 GMT-0000,3272.1800000000003,3261.492,0.02,0.02
22.03.2021 08:36:30.678 GMT-0000,3268.262,3261.5740000000005,0.0075,0.02
22.03.2021 08:36:30.912 GMT-0000,3267.262,3263.656,0.02,0.0075
22.03.2021 08:36:31.013 GMT-0000,3267.508,3261.5740000000005,0.02,0.02
22.03.2021 08:36:31.816 GMT-0000,3267.262,3263.5740000000005,0.02,0.0075
22.03.2021 08:36:43.563 GMT-0000,3267,3264.697,0.02,0.02
22.03.2021 08:36:43.663 GMT-0000,3267.467,3263.82,0.02,0.02
22.03.2021 08:36:43.872 GMT-0000,3267.221,3264.533,0.02,0.0075
22.03.2021 08:37:01.718 GMT-0000,3266.262,3261.697,0.02,0.02
22.03.2021 08:37:03.131 GMT-0000,3266.1800000000003,3259.697,0.02,0.02
22.03.2021 08:37:05.541 GMT-0000,3266.221,3262,0.02,0.02
22.03.2021 08:37:08.882 GMT-0000,3267,3261.6150000000002,0.02,0.02
22.03.2021 08:37:09.084 GMT-0000,3271.5490000000004,3263.5740000000005,0.02,0.02
22.03.2021 08:37:10.718 GMT-0000,3271.1800000000003,3265.656,0.02,0.0075
22.03.2021 08:37:10.768 GMT-0000,3271.3440000000005,3264.451,0.02,0.02
22.03.2021 08:37:10.970 GMT-0000,3271.1800000000003,3264,0.02,0.02
22.03.2021 08:37:11.146 GMT-0000,3271.5490000000004,3264.738,0.02,0.0075
22.03.2021 08:37:14.806 GMT-0000,3269.3440000000005,3264.82,0.0075,0.02
22.03.2021 08:37:14.914 GMT-0000,3269.426,3265.738,0.02,0.02
22.03.2021 08:37:16.409 GMT-0000,3268.5490000000004,3265.6150000000002,0.0075,0.02
22.03.2021 08:37:21.869 GMT-0000,3268.1800000000003,3263.697,0.02,0.02
22.03.2021 08:37:21.920 GMT-0000,3268.385,3264.82,0.02,0.02
22.03.2021 08:37:22.673 GMT-0000,3268.1800000000003,3262.5740000000005,0.02,0.02
22.03.2021 08:37:25.255 GMT-0000,3268.303,3264.82,0.02,0.0075
22.03.2021 08:37:30.714 GMT-0000,3268.303,3261.492,0.02,0.02
22.03.2021 08:37:34.477 GMT-0000,3268.385,3262.7790000000005,0.02,0.02
22.03.2021 08:37:34.646 GMT-0000,3268.1800000000003,3261.492,0.02,0.02
22.03.2021 08:37:35.578 GMT-0000,3268.1800000000003,3262.7790000000005,0.02,0.02
22.03.2021 08:37:36.857 GMT-0000,3268.303,3261.533,0.02,0.02
22.03.2021 08:37:36.907 GMT-0000,3267.5490000000004,3261.492,0.02,0.02
22.03.2021 08:37:40.722 GMT-0000,3267,3260.5740000000005,0.02,0.02
22.03.2021 08:37:44.987 GMT-0000,3267.262,3263.492,0.02,0.02
22.03.2021 08:37:45.037 GMT-0000,3268.303,3263.5740000000005,0.02,0.02
22.03.2021 08:37:45.116 GMT-0000,3268.262,3262.7790000000005,0.02,0.02
22.03.2021 08:37:48.276 GMT-0000,3268.467,3263.533,0.02,0.0075
22.03.2021 08:37:59.178 GMT-0000,3268.262,3264.533,0.02,0.02
22.03.2021 08:37:59.322 GMT-0000,3268.467,3264,0.02,0.02
22.03.2021 08:38:01.818 GMT-0000,3268.221,3265.697,0.02,0.0075
22.03.2021 08:38:09.548 GMT-0000,3268.426,3263.738,0.02,0.02
22.03.2021 08:38:13.815 GMT-0000,3267.3440000000005,3263,0.02,0.02
22.03.2021 08:38:44.990 GMT-0000,3267.385,3263.738,0.02,0.02
22.03.2021 08:38:53.115 GMT-0000,3267.467,3262.533,0.02,0.02
22.03.2021 08:38:54.178 GMT-0000,3267.3440000000005,3263.6150000000002,0.02,0.0075
22.03.2021 08:39:09.886 GMT-0000,3267.426,3262.7790000000005,0.02,0.02
22.03.2021 08:39:13.579 GMT-0000,3265.221,3260.451,0.02,0.02
22.03.2021 08:39:17.550 GMT-0000,3266.5490000000004,3261,0.02,0.02
22.03.2021 08:39:17.608 GMT-0000,3266.426,3262.738,0.02,0.02
22.03.2021 08:39:21.940 GMT-0000,3267.262,3262.738,0.02,0.02
22.03.2021 08:39:26.872 GMT-0000,3267.508,3263.492,0.02,0.0075
22.03.2021 08:39:27.023 GMT-0000,3267.1800000000003,3262.6150000000002,0.02,0.02
22.03.2021 08:39:31.823 GMT-0000,3266.221,3262.7790000000005,0.0075,0.02
22.03.2021 08:39:31.924 GMT-0000,3267.221,3262.697,0.02,0.02
22.03.2021 08:39:32.872 GMT-0000,3268.262,3262.451,0.02,0.02
22.03.2021 08:39:32.922 GMT-0000,3266.303,3262.656,0.02,0.02
22.03.2021 08:39:34.750 GMT-0000,3266.5490000000004,3264.82,0.0075,0.0075
22.03.2021 08:39:34.800 GMT-0000,3270.1800000000003,3264.451,0.02,0.02
22.03.2021 08:39:34.864 GMT-0000,3270.221,3265.5740000000005,0.02,0.0075
22.03.2021 08:39:39.514 GMT-0000,3271,3265.533,0.02,0.02
22.03.2021 08:39:39.680 GMT-0000,3271.221,3266.6150000000002,0.02,0.0075
22.03.2021 08:39:40.233 GMT-0000,3272.467,3266.82,0.02,0.02
22.03.2021 08:39:40.471 GMT-0000,3271.3440000000005,3266.697,0.0075,0.02
22.03.2021 08:40:00.083 GMT-0000,3272.426,3266.5740000000005,0.02,0.02
22.03.2021 08:40:24.343 GMT-0000,3272.508,3268.697,0.0075,0.0075
22.03.2021 08:40:24.393 GMT-0000,3276.426,3267.7790000000005,0.02,0.02
22.03.2021 08:40:24.618 GMT-0000,3276.221,3269.7790000000005,0.02,0.02
22.03.2021 08:40:25.174 GMT-0000,3273.467,3269.5740000000005,0.02,0.02
22.03.2021 08:40:25.383 GMT-0000,3273.262,3271.656,0.02,0.0075
22.03.2021 08:40:26.526 GMT-0000,3278.5490000000004,3271.451,0.02,0.02
22.03.2021 08:40:27.345 GMT-0000,3274.1800000000003,3271.7790000000005,0.0075,0.02
22.03.2021 08:40:27.445 GMT-0000,3275.221,3271.451,0.02,0.02
22.03.2021 08:40:27.496 GMT-0000,3276.3440000000005,3271.6150000000002,0.02,0.02
22.03.2021 08:40:29.775 GMT-0000,3277.426,3272.451,0.02,0.02
22.03.2021 08:40:29.918 GMT-0000,3276.3440000000005,3271.656,0.02,0.02
22.03.2021 08:40:30.178 GMT-0000,3275.1800000000003,3271.6150000000002,0.02,0.02
22.03.2021 08:40:32.258 GMT-0000,3277.5490000000004,3271.7790000000005,0.02,0.02
22.03.2021 08:40:33.268 GMT-0000,3277.303,3272.738,0.02,0.0075
22.03.2021 08:40:35.799 GMT-0000,3277.262,3271.451,0.02,0.02
22.03.2021 08:40:36.933 GMT-0000,3278,3272.697,0.02,0.02
22.03.2021 08:40:37.116 GMT-0000,3277.1800000000003,3273.82,0.02,0.02
22.03.2021 08:40:37.660 GMT-0000,3277.508,3272.6150000000002,0.02,0.02
22.03.2021 08:40:38.114 GMT-0000,3277.467,3271.6150000000002,0.02,0.02
22.03.2021 08:40:38.264 GMT-0000,3277.467,3272.738,0.02,0.0075
22.03.2021 08:40:42.889 GMT-0000,3277.1800000000003,3273.451,0.0075,0.0075
22.03.2021 08:40:42.939 GMT-0000,3279.385,3274.7790000000005,0.02,0.02
22.03.2021 08:40:43.002 GMT-0000,3279.1800000000003,3275.697,0.0075,0.0075
22.03.2021 08:40:43.052 GMT-0000,3280.426,3275.7790000000005,0.02,0.02
22.03.2021 08:40:43.158 GMT-0000,3280.5490000000004,3274.5740000000005,0.02,0.02
22.03.2021 08:40:44.093 GMT-0000,3280.467,3275.697,0.02,0.0075
22.03.2021 08:40:44.217 GMT-0000,3280,3274.697,0.02,0.02
22.03.2021 08:40:45.284 GMT-0000,3280,3275.451,0.02,0.0075
22.03.2021 08:40:45.437 GMT-0000,3280.467,3274.697,0.02,0.02
22.03.2021 08:40:48.464 GMT-0000,3280.3440000000005,3275.697,0.02,0.0075
22.03.2021 08:40:52.402 GMT-0000,3281,3275.533,0.02,0.02
22.03.2021 08:40:52.514 GMT-0000,3281.5490000000004,3274.5740000000005,0.02,0.02
22.03.2021 08:40:53.665 GMT-0000,3281.426,3275.738,0.02,0.0075
22.03.2021 08:40:53.765 GMT-0000,3281.508,3274.533,0.02,0.02
22.03.2021 08:40:54.927 GMT-0000,3281.5490000000004,3275.5740000000005,0.02,0.0075
22.03.2021 08:40:55.037 GMT-0000,3281.508,3274.5740000000005,0.02,0.02
22.03.2021 08:40:56.586 GMT-0000,3282.467,3276.82,0.02,0.02
22.03.2021 08:41:08.151 GMT-0000,3283.3440000000005,3276.82,0.02,0.02
22.03.2021 08:41:09.561 GMT-0000,3283.3440000000005,3277.492,0.02,0.0075
22.03.2021 08:41:16.928 GMT-0000,3283.262,3279.533,0.02,0.0075
22.03.2021 08:41:16.978 GMT-0000,3284.508,3279.451,0.02,0.02
22.03.2021 08:41:19.158 GMT-0000,3283.508,3279.533,0.0075,0.02
22.03.2021 08:41:19.740 GMT-0000,3284,3279.451,0.02,0.02
22.03.2021 08:41:20.401 GMT-0000,3284.221,3280.697,0.02,0.0075
22.03.2021 08:41:21.235 GMT-0000,3285.5490000000004,3280.533,0.02,0.02
22.03.2021 08:41:21.285 GMT-0000,3284.5490000000004,3281,0.02,0.02
22.03.2021 08:41:22.016 GMT-0000,3285.5490000000004,3280.738,0.02,0.02
22.03.2021 08:41:22.288 GMT-0000,3284.303,3280.533,0.02,0.02
22.03.2021 08:41:22.712 GMT-0000,3285.467,3280.533,0.02,0.02
22.03.2021 08:41:23.264 GMT-0000,3284.467,3280.5740000000005,0.0075,0.02
22.03.2021 08:41:23.566 GMT-0000,3285.385,3280.451,0.02,0.02
22.03.2021 08:41:24.011 GMT-0000,3284.262,3280.451,0.02,0.02
22.03.2021 08:41:24.205 GMT-0000,3285.5490000000004,3280.5740000000005,0.02,0.02
22.03.2021 08:41:39.284 GMT-0000,3285.3440000000005,3282.451,0.02,0.02
22.03.2021 08:41:39.965 GMT-0000,3289.3440000000005,3282.738,0.02,0.02
22.03.2021 08:41:41.268 GMT-0000,3290.1800000000003,3282.7790000000005,0.02,0.02
22.03.2021 08:41:46.784 GMT-0000,3289.426,3282.533,0.02,0.02
22.03.2021 08:41:47.668 GMT-0000,3290.5490000000004,3282.7790000000005,0.02,0.02
22.03.2021 08:41:48.373 GMT-0000,3289.303,3282.6150000000002,0.0075,0.02
22.03.2021 08:41:50.720 GMT-0000,3290.385,3282.492,0.02,0.02
22.03.2021 08:41:55.301 GMT-0000,3290.262,3285.451,0.02,0.0075
22.03.2021 08:42:06.019 GMT-0000,3292.221,3285.6150000000002,0.02,0.02
22.03.2021 08:42:06.889 GMT-0000,3291.426,3285.697,0.0075,0.02
22.03.2021 08:42:06.990 GMT-0000,3290.508,3286,0.02,0.02
22.03.2021 08:42:07.158 GMT-0000,3289.262,3285.492,0.02,0.02
22.03.2021 08:42:16.385 GMT-0000,3289,3287,0.02,0.0075
22.03.2021 08:42:16.435 GMT-0000,3290.3440000000005,3286.656,0.02,0.02
22.03.2021 08:42:16.548 GMT-0000,3291.221,3286.738,0.02,0.02
22.03.2021 08:42:18.756 GMT-0000,3293.303,3286.82,0.02,0.02
22.03.2021 08:42:18.806 GMT-0000,3291.5490000000004,3286.451,0.02,0.02
22.03.2021 08:42:18.957 GMT-0000,3293.221,3286.492,0.02,0.02
22.03.2021 08:42:20.868 GMT-0000,3291.3440000000005,3286.533,0.02,0.02
22.03.2021 08:42:38.064 GMT-0000,3290.1800000000003,3286.492,0.0075,0.0075
22.03.2021 08:42:38.115 GMT-0000,3290.5490000000004,3285.697,0.02,0.02
22.03.2021 08:42:38.768 GMT-0000,3289.262,3285.533,0.0075,0.02
22.03.2021 08:42:49.718 GMT-0000,3289.1800000000003,3283.533,0.02,0.02
22.03.2021 08:42:52.093 GMT-0000,3289.1800000000003,3287,0.02,0.0075
22.03.2021 08:42:56.983 GMT-0000,3290.508,3286.533,0.02,0.02
22.03.2021 08:42:57.343 GMT-0000,3294.385,3286.451,0.0075,0.02
22.03.2021 08:43:01.686 GMT-0000,3295.426,3286.6150000000002,0.02,0.02
22.03.2021 08:43:01.736 GMT-0000,3294.426,3286.492,0.02,0.02
22.03.2021 08:43:09.276 GMT-0000,3294.385,3287.82,0.02,0.0075
22.03.2021 08:43:18.481 GMT-0000,3294.3440000000005,3291,0.02,0.0075
22.03.2021 08:43:21.866 GMT-0000,3296.5490000000004,3290.492,0.02,0.02
22.03.2021 08:43:23.170 GMT-0000,3298.3440000000005,3290.82,0.02,0.02
22.03.2021 08:43:23.499 GMT-0000,3300.426,3291,0.02,0.02
22.03.2021 08:43:23.666 GMT-0000,3298.426,3290.5740000000005,0.0075,0.02
22.03.2021 08:43:34.406 GMT-0000,3298.5490000000004,3291.6150000000002,0.02,0.0075
22.03.2021 08:43:36.203 GMT-0000,3298.303,3294.656,0.02,0.02
22.03.2021 08:43:39.620 GMT-0000,3300.385,3294.492,0.02,0.02
22.03.2021 08:43:46.292 GMT-0000,3300.5490000000004,3295.738,0.02,0.0075
22.03.2021 08:43:47.410 GMT-0000,3300.467,3294.451,0.02,0.02
22.03.2021 08:44:12.681 GMT-0000,3300.1800000000003,3296,0.02,0.0075
22.03.2021 08:44:38.623 GMT-0000,3298.508,3290.492,0.02,0.02
22.03.2021 08:44:38.723 GMT-0000,3297.303,3290.5740000000005,0.02,0.02
22.03.2021 08:44:39.490 GMT-0000,3297.467,3291.492,0.02,0.0075
22.03.2021 08:44:39.647 GMT-0000,3297.221,3290.6150000000002,0.02,0.02
22.03.2021 08:44:39.697 GMT-0000,3297.221,3291.492,0.02,0.02
22.03.2021 08:44:48.157 GMT-0000,3297.1800000000003,3293.533,0.02,0.0075
22.03.2021 08:44:48.208 GMT-0000,3296.221,3290.697,0.02,0.02
22.03.2021 08:44:48.390 GMT-0000,3296.303,3289.697,0.02,0.02
22.03.2021 08:44:57.481 GMT-0000,3296,3291.492,0.02,0.0075
22.03.2021 08:44:57.531 GMT-0000,3296,3289.697,0.02,0.02
22.03.2021 08:45:00.018 GMT-0000,3296.3440000000005,3291.738,0.02,0.0075
22.03.2021 08:45:00.799 GMT-0000,3297.467,3291.738,0.02,0.02
22.03.2021 08:45:02.880 GMT-0000,3296.3440000000005,3291.533,0.0075,0.02
22.03.2021 08:45:03.050 GMT-0000,3297.221,3292,0.02,0.02
22.03.2021 08:45:37.335 GMT-0000,3297.3440000000005,3292.7790000000005,0.02,0.0075
22.03.2021 08:45:42.176 GMT-0000,3296.1800000000003,3288.7790000000005,0.02,0.02
22.03.2021 08:45:42.227 GMT-0000,3296.303,3287.82,0.02,0.02
22.03.2021 08:45:42.811 GMT-0000,3293.303,3287.697,0.0075,0.02
22.03.2021 08:45:43.361 GMT-0000,3293.385,3284.697,0.02,0.02
22.03.2021 08:45:45.129 GMT-0000,3293.426,3286,0.02,0.02
22.03.2021 08:45:53.955 GMT-0000,3292.3440000000005,3285.451,0.0075,0.02
22.03.2021 08:45:56.006 GMT-0000,3292.385,3287.738,0.02,0.0075
22.03.2021 08:46:06.045 GMT-0000,3292.426,3285.656,0.02,0.02
22.03.2021 08:46:07.251 GMT-0000,3291,3284.697,0.02,0.02
22.03.2021 08:46:08.575 GMT-0000,3289.5490000000004,3285.492,0.02,0.0075
22.03.2021 08:46:39.115 GMT-0000,3289,3286.492,0.0075,0.0075
22.03.2021 08:46:39.165 GMT-0000,3292.5490000000004,3286.7790000000005,0.02,0.02
22.03.2021 08:46:41.237 GMT-0000,3290.426,3286.656,0.0075,0.02
22.03.2021 08:46:41.337 GMT-0000,3292,3286.738,0.02,0.02
22.03.2021 08:46:46.332 GMT-0000,3292.3440000000005,3287.82,0.02,0.0075
22.03.2021 08:46:51.005 GMT-0000,3291.467,3287.7790000000005,0.0075,0.02
22.03.2021 08:46:56.373 GMT-0000,3291.5490000000004,3284.656,0.02,0.02
22.03.2021 08:46:59.014 GMT-0000,3291.262,3283.6150000000002,0.02,0.02
22.03.2021 08:46:59.992 GMT-0000,3290.5490000000004,3283.738,0.0075,0.02
22.03.2021 08:47:00.817 GMT-0000,3289.262,3283.6150000000002,0.02,0.0075
22.03.2021 08:47:00.867 GMT-0000,3289,3282.6150000000002,0.02,0.02
22.03.2021 08:47:10.047 GMT-0000,3289.5490000000004,3283.738,0.02,0.0075
22.03.2021 08:47:13.636 GMT-0000,3289.303,3282.451,0.02,0.02
22.03.2021 08:47:14.246 GMT-0000,3289,3283.6150000000002,0.02,0.0075
22.03.2021 08:47:16.772 GMT-0000,3289,3282.451,0.02,0.02
22.03.2021 08:47:17.267 GMT-0000,3287.385,3282.533,0.0075,0.02
22.03.2021 08:47:17.317 GMT-0000,3289.5490000000004,3282.6150000000002,0.02,0.02
22.03.2021 08:47:17.392 GMT-0000,3287.1800000000003,3282.697,0.0075,0.02
22.03.2021 08:47:17.493 GMT-0000,3289.221,3282.5740000000005,0.02,0.02
22.03.2021 08:47:20.962 GMT-0000,3288.426,3280.492,0.02,0.02
22.03.2021 08:47:22.072 GMT-0000,3288.303,3282.5740000000005,0.02,0.0075
22.03.2021 08:47:22.573 GMT-0000,3287.3440000000005,3282.738,0.0075,0.0075
22.03.2021 08:47:22.623 GMT-0000,3288.5490000000004,3281.533,0.02,0.02
22.03.2021 08:47:22.726 GMT-0000,3289.508,3280.656,0.02,0.02
22.03.2021 08:47:22.864 GMT-0000,3287.467,3280.533,0.0075,0.02
22.03.2021 08:47:23.958 GMT-0000,3287.426,3281.6150000000002,0.02,0.02
22.03.2021 08:47:24.048 GMT-0000,3287.467,3281,0.02,0.02
22.03.2021 08:47:29.005 GMT-0000,3284.1800000000003,3281,0.0075,0.0075
22.03.2021 08:47:29.055 GMT-0000,3284.221,3279.7790000000005,0.02,0.02
22.03.2021 08:47:31.203 GMT-0000,3282.508,3279.451,0.02,0.02
22.03.2021 08:47:32.255 GMT-0000,3281.221,3276.656,0.02,0.02
22.03.2021 08:47:34.920 GMT-0000,3281.303,3277.6150000000002,0.02,0.0075
22.03.2021 08:47:38.093 GMT-0000,3282.1800000000003,3279.7790000000005,0.02,0.02
22.03.2021 08:47:38.143 GMT-0000,3282.508,3277.738,0.02,0.02
22.03.2021 08:47:47.180 GMT-0000,3282.426,3279.738,0.02,0.02
22.03.2021 08:47:48.672 GMT-0000,3286.508,3281.6150000000002,0.02,0.02
22.03.2021 08:47:48.723 GMT-0000,3284,3281.451,0.02,0.02
22.03.2021 08:47:48.773 GMT-0000,3286.385,3277.5740000000005,0.02,0.02
22.03.2021 08:47:49.753 GMT-0000,3286.303,3280.82,0.02,0.0075
22.03.2021 08:47:50.719 GMT-0000,3284.303,3280.7790000000005,0.0075,0.02
22.03.2021 08:47:53.770 GMT-0000,3284.303,3282.82,0.02,0.02
22.03.2021 08:47:53.913 GMT-0000,3284.5490000000004,3280.5740000000005,0.02,0.02
22.03.2021 08:48:03.823 GMT-0000,3282.426,3277.656,0.02,0.02
22.03.2021 08:48:03.874 GMT-0000,3281.303,3276.656,0.02,0.02
22.03.2021 08:48:04.064 GMT-0000,3280.385,3276.7790000000005,0.0075,0.02
22.03.2021 08:48:04.114 GMT-0000,3284.221,3276.533,0.02,0.02
22.03.2021 08:48:04.218 GMT-0000,3284.262,3277.6150000000002,0.02,0.0075
22.03.2021 08:48:05.752 GMT-0000,3284.5490000000004,3279.5740000000005,0.02,0.02
22.03.2021 08:48:09.618 GMT-0000,3286.262,3279.82,0.02,0.02
22.03.2021 08:48:13.769 GMT-0000,3284.3440000000005,3279.6150000000002,0.0075,0.02
22.03.2021 08:48:43.108 GMT-0000,3287,3280.82,0.02,0.02
22.03.2021 08:48:43.158 GMT-0000,3285.303,3279.738,0.02,0.02
22.03.2021 08:48:47.488 GMT-0000,3285.262,3281.451,0.02,0.0075
22.03.2021 08:48:55.162 GMT-0000,3282.5490000000004,3281.7790000000005,0.0075,0.0075
22.03.2021 08:48:55.212 GMT-0000,3282.508,3279.6150000000002,0.02,0.02
22.03.2021 08:49:10.267 GMT-0000,3282.221,3277,0.02,0.02
22.03.2021 08:49:10.317 GMT-0000,3280.1800000000003,3276.6150000000002,0.02,0.02
22.03.2021 08:49:13.801 GMT-0000,3285.262,3276.5740000000005,0.02,0.02
22.03.2021 08:49:14.802 GMT-0000,3285.3440000000005,3276,0.02,0.02
22.03.2021 08:49:16.153 GMT-0000,3285.303,3274.656,0.02,0.02
22.03.2021 08:49:18.127 GMT-0000,3285,3275.451,0.02,0.0075
22.03.2021 08:49:18.594 GMT-0000,3285.5490000000004,3274.7790000000005,0.02,0.02
22.03.2021 08:49:21.072 GMT-0000,3280,3274.7790000000005,0.02,0.02
22.03.2021 08:49:26.910 GMT-0000,3280,3276.5740000000005,0.02,0.0075
22.03.2021 08:49:34.433 GMT-0000,3280.467,3274.492,0.02,0.02
22.03.2021 08:49:36.383 GMT-0000,3277.385,3274.451,0.02,0.02
22.03.2021 08:49:38.112 GMT-0000,3276.1800000000003,3274.656,0.0075,0.02
22.03.2021 08:49:39.174 GMT-0000,3276.467,3272,0.02,0.02
22.03.2021 08:49:45.147 GMT-0000,3276.303,3268.6150000000002,0.02,0.02
22.03.2021 08:49:45.527 GMT-0000,3276.385,3267.7790000000005,0.02,0.02
22.03.2021 08:49:52.353 GMT-0000,3275.221,3267.82,0.0075,0.02
22.03.2021 08:49:53.797 GMT-0000,3275.303,3269.5740000000005,0.0075,0.02
22.03.2021 08:49:53.847 GMT-0000,3276.3440000000005,3269.697,0.02,0.02
22.03.2021 08:49:57.393 GMT-0000,3276.467,3267.6150000000002,0.02,0.02
22.03.2021 08:50:04.288 GMT-0000,3276.426,3269.533,0.02,0.0075
22.03.2021 08:50:09.505 GMT-0000,3276.5490000000004,3268.533,0.02,0.02
22.03.2021 08:50:09.665 GMT-0000,3276.5490000000004,3267.7790000000005,0.02,0.02
22.03.2021 08:50:10.422 GMT-0000,3276.467,3270,0.02,0.0075
22.03.2021 08:50:11.317 GMT-0000,3272,3270,0.0075,0.02
22.03.2021 08:50:15.265 GMT-0000,3272.303,3266.7790000000005,0.02,0.02
22.03.2021 08:50:16.310 GMT-0000,3272.508,3267.5740000000005,0.02,0.0075
22.03.2021 08:50:19.552 GMT-0000,3272,3266.451,0.02,0.02
22.03.2021 08:50:23.551 GMT-0000,3271,3266.738,0.02,0.02
22.03.2021 08:50:25.056 GMT-0000,3273.3440000000005,3266.656,0.02,0.02
22.03.2021 08:50:25.928 GMT-0000,3273.508,3269.738,0.02,0.0075
22.03.2021 08:50:26.080 GMT-0000,3273,3266.5740000000005,0.02,0.02
22.03.2021 08:50:31.480 GMT-0000,3273.1800000000003,3266,0.02,0.02
22.03.2021 08:50:34.376 GMT-0000,3273.3440000000005,3263.451,0.02,0.02
22.03.2021 08:50:48.268 GMT-0000,3272.262,3263.492,0.0075,0.02
22.03.2021 08:50:59.184 GMT-0000,3272.508,3269,0.02,0.0075
22.03.2021 08:50:59.234 GMT-0000,3273.303,3268.533,0.02,0.02
22.03.2021 08:50:59.285 GMT-0000,3273.303,3266.5740000000005,0.02,0.02
22.03.2021 08:51:02.898 GMT-0000,3273.426,3267.451,0.02,0.02
22.03.2021 08:51:08.586 GMT-0000,3272.1800000000003,3267.533,0.02,0.02
22.03.2021 08:51:18.484 GMT-0000,3272.303,3263.697,0.02,0.02
22.03.2021 08:51:23.464 GMT-0000,3272.5490000000004,3267.7790000000005,0.02,0.0075
22.03.2021 08:51:33.611 GMT-0000,3272.385,3263.533,0.02,0.02
22.03.2021 08:51:46.389 GMT-0000,3272.467,3265.82,0.02,0.0075
22.03.2021 08:51:47.393 GMT-0000,3272.1800000000003,3263.656,0.02,0.02
22.03.2021 08:51:50.797 GMT-0000,3272.221,3267.492,0.02,0.02
22.03.2021 08:51:59.178 GMT-0000,3272,3263.82,0.02,0.02
22.03.2021 08:52:04.085 GMT-0000,3271.385,3267.5740000000005,0.0075,0.0075
22.03.2021 08:52:10.194 GMT-0000,3271.3440000000005,3263.451,0.02,0.02
22.03.2021 08:52:18.468 GMT-0000,3271.426,3266.738,0.02,0.0075
22.03.2021 08:52:28.639 GMT-0000,3270.262,3263.656,0.02,0.02
22.03.2021 08:52:34.931 GMT-0000,3270.426,3267.656,0.02,0.0075
22.03.2021 08:52:35.754 GMT-0000,3270.221,3263.656,0.02,0.02
22.03.2021 08:52:35.805 GMT-0000,3269.3440000000005,3263.82,0.02,0.02
22.03.2021 08:53:05.191 GMT-0000,3269.3440000000005,3266.656,0.02,0.0075
22.03.2021 08:53:16.926 GMT-0000,3269.303,3263.492,0.02,0.02
22.03.2021 08:53:21.580 GMT-0000,3267.426,3262.82,0.02,0.02
22.03.2021 08:53:51.332 GMT-0000,3267.5,3266.7790000000005,0.0075,0.0075
22.03.2021 08:53:51.383 GMT-0000,3273.385,3266.697,0.02,0.02
22.03.2021 08:53:51.507 GMT-0000,3270.303,3267.451,0.0075,0.0075
22.03.2021 08:53:51.557 GMT-0000,3270.262,3264.738,0.02,0.02
22.03.2021 08:53:51.608 GMT-0000,3273.1800000000003,3264.738,0.02,0.02
22.03.2021 08:53:52.577 GMT-0000,3270.1800000000003,3264.82,0.02,0.02
22.03.2021 08:53:56.640 GMT-0000,3273.385,3264.82,0.02,0.02
22.03.2021 08:54:14.817 GMT-0000,3273.3440000000005,3265.738,0.02,0.0075
22.03.2021 08:54:34.887 GMT-0000,3272.303,3265.697,0.0075,0.02
22.03.2021 08:55:02.741 GMT-0000,3274.5490000000004,3266.82,0.02,0.02
22.03.2021 08:55:08.668 GMT-0000,3277.508,3268.738,0.02,0.02
22.03.2021 08:55:09.567 GMT-0000,3277.3440000000005,3271.533,0.02,0.02
22.03.2021 08:55:11.351 GMT-0000,3277.221,3272.7790000000005,0.02,0.0075
22.03.2021 08:55:11.401 GMT-0000,3278.3440000000005,3272.533,0.02,0.02
22.03.2021 08:55:11.636 GMT-0000,3279.426,3272.6150000000002,0.02,0.02
22.03.2021 08:55:13.809 GMT-0000,3278.303,3273,0.0075,0.02
22.03.2021 08:55:21.312 GMT-0000,3279.5490000000004,3272.7790000000005,0.02,0.02
22.03.2021 08:55:26.326 GMT-0000,3276.426,3272.533,0.0075,0.02
22.03.2021 08:55:35.737 GMT-0000,3273.3440000000005,3267.656,0.02,0.02
22.03.2021 08:55:35.787 GMT-0000,3272.385,3267.7790000000005,0.02,0.02
22.03.2021 08:55:49.535 GMT-0000,3272.5490000000004,3266.5740000000005,0.02,0.02
22.03.2021 08:56:03.217 GMT-0000,3272.1800000000003,3269.6150000000002,0.02,0.0075
22.03.2021 08:56:14.119 GMT-0000,3272.75,3271.6150000000002,0.0075,0.0075
22.03.2021 08:56:14.170 GMT-0000,3273.221,3269.82,0.02,0.02
22.03.2021 08:56:14.288 GMT-0000,3276.303,3269.5740000000005,0.02,0.02
22.03.2021 08:56:28.522 GMT-0000,3275.1800000000003,3269.5740000000005,0.0075,0.02
22.03.2021 08:56:28.623 GMT-0000,3271.426,3268.451,0.02,0.02
22.03.2021 08:56:28.765 GMT-0000,3274.303,3268.5740000000005,0.02,0.02
22.03.2021 08:56:30.718 GMT-0000,3272.385,3268.7790000000005,0.0075,0.0075
22.03.2021 08:56:30.768 GMT-0000,3272.303,3266.7790000000005,0.02,0.02
22.03.2021 08:56:32.476 GMT-0000,3269.467,3266.7790000000005,0.0075,0.02
22.03.2021 08:56:50.464 GMT-0000,3269.5490000000004,3267.656,0.02,0.02
22.03.2021 08:56:50.574 GMT-0000,3269.5490000000004,3266.656,0.02,0.02
22.03.2021 08:56:53.621 GMT-0000,3269.5,3267.6150000000002,0.0075,0.0075
22.03.2021 08:56:53.671 GMT-0000,3274.3440000000005,3267.738,0.02,0.02
22.03.2021 08:56:53.722 GMT-0000,3274,3266.533,0.02,0.02
22.03.2021 08:56:59.855 GMT-0000,3273.467,3266.738,0.0075,0.02
22.03.2021 08:57:30.680 GMT-0000,3273.303,3268.533,0.0075,0.0075
22.03.2021 08:57:30.731 GMT-0000,3275.3440000000005,3268.5740000000005,0.02,0.02
22.03.2021 08:57:30.781 GMT-0000,3276.467,3270.7790000000005,0.02,0.02
22.03.2021 08:57:31.047 GMT-0000,3277.467,3271,0.02,0.02
22.03.2021 08:57:31.530 GMT-0000,3277.5490000000004,3270,0.02,0.02
22.03.2021 08:57:32.818 GMT-0000,3275.508,3269.697,0.0075,0.02
22.03.2021 08:58:23.892 GMT-0000,3275.385,3270.533,0.02,0.0075
22.03.2021 08:58:30.068 GMT-0000,3275.385,3271.697,0.02,0.0075
22.03.2021 08:58:49.464 GMT-0000,3275.303,3272.6150000000002,0.02,0.02
22.03.2021 08:58:51.974 GMT-0000,3279.303,3272.5740000000005,0.02,0.02
22.03.2021 08:59:03.893 GMT-0000,3279.1800000000003,3274.656,0.0075,0.0075
22.03.2021 08:59:03.944 GMT-0000,3280.5490000000004,3272.697,0.02,0.02
22.03.2021 08:59:05.268 GMT-0000,3280.385,3274.697,0.02,0.0075
22.03.2021 08:59:17.912 GMT-0000,3280.1800000000003,3272.492,0.02,0.02
22.03.2021 08:59:17.963 GMT-0000,3278,3272.5740000000005,0.02,0.02
22.03.2021 08:59:38.589 GMT-0000,3276.1800000000003,3272.82,0.02,0.02
22.03.2021 09:00:02.045 GMT-0000,3275.1800000000003,3272.533,0.0075,0.0075
22.03.2021 09:00:02.095 GMT-0000,3276.3440000000005,3271.697,0.02,0.02
22.03.2021 09:00:02.746 GMT-0000,3276,3270.697,0.02,0.02
22.03.2021 09:00:14.222 GMT-0000,3276.426,3268.7790000000005,0.02,0.02
22.03.2021 09:00:18.418 GMT-0000,3276,3270.6150000000002,0.02,0.02
22.03.2021 09:00:22.284 GMT-0000,3276.467,3271.533,0.0075,0.0075
22.03.2021 09:00:22.334 GMT-0000,3278.508,3271.656,0.02,0.02
22.03.2021 09:00:29.739 GMT-0000,3278.385,3270.82,0.02,0.02
22.03.2021 09:00:32.898 GMT-0000,3278.221,3271.738,0.02,0.0075
22.03.2021 09:00:35.465 GMT-0000,3278.467,3273.6150000000002,0.02,0.0075
22.03.2021 09:00:35.566 GMT-0000,3279.3440000000005,3271.5740000000005,0.02,0.02
22.03.2021 09:00:39.531 GMT-0000,3279.5490000000004,3273.7790000000005,0.02,0.0075
22.03.2021 09:00:48.995 GMT-0000,3278.5490000000004,3273.451,0.02,0.02
22.03.2021 09:00:52.434 GMT-0000,3277.508,3274,0.0075,0.02
22.03.2021 09:01:00.831 GMT-0000,3276.221,3273.738,0.0075,0.02
22.03.2021 09:01:00.881 GMT-0000,3276.303,3271.492,0.02,0.02
22.03.2021 09:01:00.982 GMT-0000,3276.221,3272.738,0.02,0.02
22.03.2021 09:01:01.146 GMT-0000,3276.262,3271.7790000000005,0.02,0.02
22.03.2021 09:01:06.376 GMT-0000,3277.426,3271.451,0.02,0.02
22.03.2021 09:01:06.426 GMT-0000,3278.508,3273.451,0.02,0.02
22.03.2021 09:01:09.514 GMT-0000,3278.3440000000005,3272.492,0.02,0.02
22.03.2021 09:01:11.123 GMT-0000,3277.1800000000003,3272.82,0.0075,0.0075
22.03.2021 09:01:11.173 GMT-0000,3277.426,3271.82,0.02,0.02
22.03.2021 09:01:12.212 GMT-0000,3278.262,3271.7790000000005,0.02,0.02
22.03.2021 09:01:13.884 GMT-0000,3277.5490000000004,3272,0.0075,0.02
22.03.2021 09:01:13.934 GMT-0000,3278.467,3271.451,0.02,0.02
22.03.2021 09:01:14.564 GMT-0000,3278.221,3272.697,0.02,0.02
22.03.2021 09:01:17.335 GMT-0000,3278.385,3274.533,0.0075,0.0075
22.03.2021 09:01:17.385 GMT-0000,3280.5490000000004,3273.82,0.02,0.02
22.03.2021 09:01:22.952 GMT-0000,3278.3440000000005,3273.82,0.0075,0.02
22.03.2021 09:01:23.130 GMT-0000,3280.221,3273.5740000000005,0.02,0.02
22.03.2021 09:01:28.280 GMT-0000,3278.262,3273.533,0.0075,0.02
22.03.2021 09:01:28.381 GMT-0000,3280.262,3273.697,0.02,0.02
22.03.2021 09:01:30.321 GMT-0000,3280.262,3276,0.02,0.02
22.03.2021 09:01:36.554 GMT-0000,3281.508,3275.5740000000005,0.02,0.02
22.03.2021 09:01:40.102 GMT-0000,3281.467,3276.82,0.0075,0.0075
22.03.2021 09:01:40.153 GMT-0000,3282.3440000000005,3277,0.02,0.02
22.03.2021 09:01:56.406 GMT-0000,3282,3278.697,0.02,0.02
22.03.2021 09:01:58.756 GMT-0000,3283.3440000000005,3278.7790000000005,0.02,0.02
22.03.2021 09:02:00.967 GMT-0000,3284.262,3278.492,0.02,0.02
22.03.2021 09:02:03.369 GMT-0000,3283,3278.6150000000002,0.0075,0.02
22.03.2021 09:02:03.536 GMT-0000,3282.5490000000004,3278.533,0.0075,0.02
22.03.2021 09:02:09.169 GMT-0000,3282.3440000000005,3279.492,0.02,0.0075
22.03.2021 09:02:09.219 GMT-0000,3286.508,3281.697,0.02,0.02
22.03.2021 09:02:09.320 GMT-0000,3283.262,3279.6150000000002,0.02,0.02
22.03.2021 09:02:23.924 GMT-0000,3283.508,3280.6150000000002,0.0075,0.0075
22.03.2021 09:02:23.974 GMT-0000,3285.262,3279.6150000000002,0.02,0.02
22.03.2021 09:02:24.025 GMT-0000,3285.385,3280.5740000000005,0.02,0.02
22.03.2021 09:02:24.481 GMT-0000,3285.303,3279.738,0.02,0.02
22.03.2021 09:02:26.190 GMT-0000,3285.3440000000005,3281.656,0.02,0.0075
22.03.2021 09:02:31.581 GMT-0000,3284.303,3281.6150000000002,0.0075,0.0075
22.03.2021 09:02:31.631 GMT-0000,3284,3279.451,0.02,0.02
22.03.2021 09:02:31.681 GMT-0000,3283,3279.697,0.02,0.02
22.03.2021 09:02:33.796 GMT-0000,3282.5490000000004,3279.656,0.0075,0.02
22.03.2021 09:02:34.273 GMT-0000,3283,3279.738,0.02,0.02
22.03.2021 09:02:40.567 GMT-0000,3281.303,3278.656,0.02,0.02
22.03.2021 09:02:42.589 GMT-0000,3281.1800000000003,3276.533,0.02,0.02
22.03.2021 09:03:00.027 GMT-0000,3281.508,3277.492,0.02,0.02
22.03.2021 09:03:00.957 GMT-0000,3280.303,3277.656,0.02,0.02
22.03.2021 09:03:35.622 GMT-0000,3281.426,3275.6150000000002,0.02,0.02
22.03.2021 09:03:36.894 GMT-0000,3278.1800000000003,3276,0.02,0.02
22.03.2021 09:03:46.103 GMT-0000,3281.508,3276.5740000000005,0.02,0.02
22.03.2021 09:03:58.198 GMT-0000,3280.467,3277,0.0075,0.02
22.03.2021 09:03:59.123 GMT-0000,3281.3440000000005,3276.6150000000002,0.02,0.02
22.03.2021 09:04:04.250 GMT-0000,3281.3440000000005,3277.7790000000005,0.0075,0.0075
22.03.2021 09:04:04.300 GMT-0000,3284.508,3279.7790000000005,0.02,0.02
22.03.2021 09:04:04.350 GMT-0000,3282.3440000000005,3277.738,0.02,0.02
22.03.2021 09:04:04.456 GMT-0000,3281,3277.533,0.02,0.02
22.03.2021 09:04:10.205 GMT-0000,3280.221,3276.451,0.02,0.02
22.03.2021 09:04:40.061 GMT-0000,3278.467,3276.7790000000005,0.0075,0.0075
22.03.2021 09:04:40.112 GMT-0000,3277.303,3273.82,0.02,0.02
22.03.2021 09:04:46.596 GMT-0000,3276.467,3273.656,0.0075,0.0075
22.03.2021 09:04:46.646 GMT-0000,3275.262,3271,0.02,0.02
22.03.2021 09:04:48.718 GMT-0000,3275,3271.451,0.02,0.0075
22.03.2021 09:04:52.790 GMT-0000,3275.385,3270.5740000000005,0.02,0.02
22.03.2021 09:04:53.953 GMT-0000,3275.5490000000004,3272,0.02,0.0075
22.03.2021 09:04:57.661 GMT-0000,3275.508,3273,0.02,0.0075
22.03.2021 09:04:57.818 GMT-0000,3275.3440000000005,3271.738,0.02,0.02
22.03.2021 09:05:00.097 GMT-0000,3275.5490000000004,3272.5740000000005,0.02,0.0075
22.03.2021 09:05:00.249 GMT-0000,3275.467,3271.7790000000005,0.02,0.02
22.03.2021 09:05:01.662 GMT-0000,3275.5490000000004,3270.451,0.02,0.02
22.03.2021 09:05:02.921 GMT-0000,3275.1800000000003,3272,0.02,0.0075
22.03.2021 09:05:12.130 GMT-0000,3275.467,3270.6150000000002,0.02,0.02
22.03.2021 09:05:13.860 GMT-0000,3275,3271.6150000000002,0.02,0.0075
22.03.2021 09:05:16.270 GMT-0000,3275.262,3270.697,0.02,0.02
22.03.2021 09:05:31.515 GMT-0000,3275.3440000000005,3273.451,0.0075,0.0075
22.03.2021 09:05:31.566 GMT-0000,3280,3274.451,0.02,0.02
22.03.2021 09:05:31.730 GMT-0000,3281.508,3273.6150000000002,0.02,0.02
22.03.2021 09:05:32.523 GMT-0000,3280.3440000000005,3273.697,0.02,0.02
22.03.2021 09:05:34.519 GMT-0000,3279.426,3273.492,0.0075,0.02
22.03.2021 09:05:43.264 GMT-0000,3279.385,3274.533,0.02,0.02
22.03.2021 09:05:44.374 GMT-0000,3278.426,3274.5740000000005,0.0075,0.02
22.03.2021 09:05:44.424 GMT-0000,3279.467,3274.533,0.02,0.02
22.03.2021 09:05:46.328 GMT-0000,3279.426,3276.738,0.0075,0.0075
22.03.2021 09:05:46.378 GMT-0000,3281.221,3276.451,0.02,0.02
22.03.2021 09:05:54.436 GMT-0000,3281.262,3275.533,0.02,0.02
22.03.2021 09:05:56.049 GMT-0000,3282.385,3275.451,0.02,0.02
22.03.2021 09:05:56.634 GMT-0000,3281.221,3275.451,0.02,0.02
22.03.2021 09:06:00.068 GMT-0000,3281.385,3276.738,0.02,0.0075
22.03.2021 09:06:05.523 GMT-0000,3281.508,3275.656,0.02,0.02
22.03.2021 09:06:07.758 GMT-0000,3281.262,3278.656,0.0075,0.0075
22.03.2021 09:06:07.808 GMT-0000,3284.262,3278.7790000000005,0.02,0.02
22.03.2021 09:06:08.115 GMT-0000,3285.303,3278.492,0.02,0.02
22.03.2021 09:06:08.301 GMT-0000,3285.508,3280.697,0.02,0.02
22.03.2021 09:06:08.351 GMT-0000,3285.303,3279.451,0.02,0.02
22.03.2021 09:06:10.205 GMT-0000,3284.3440000000005,3280.451,0.0075,0.0075
22.03.2021 09:06:11.827 GMT-0000,3284,3278.533,0.02,0.02
22.03.2021 09:06:12.253 GMT-0000,3284.385,3277.82,0.02,0.02
22.03.2021 09:06:12.492 GMT-0000,3284.385,3278.6150000000002,0.02,0.0075
22.03.2021 09:06:17.638 GMT-0000,3284.467,3277.82,0.02,0.02
22.03.2021 09:06:18.661 GMT-0000,3284.221,3278.492,0.02,0.0075
22.03.2021 09:06:26.029 GMT-0000,3284.1800000000003,3277.451,0.02,0.02
22.03.2021 09:06:26.574 GMT-0000,3284.508,3278.6150000000002,0.02,0.02
22.03.2021 09:06:39.366 GMT-0000,3284.3440000000005,3279.492,0.02,0.0075
22.03.2021 09:06:39.417 GMT-0000,3284.5490000000004,3278.7790000000005,0.02,0.02
22.03.2021 09:06:42.919 GMT-0000,3284.262,3279.697,0.02,0.02
22.03.2021 09:06:52.063 GMT-0000,3284.221,3278.697,0.02,0.02
22.03.2021 09:06:53.765 GMT-0000,3284.467,3279.738,0.02,0.02
22.03.2021 09:06:55.357 GMT-0000,3283.303,3279.5740000000005,0.0075,0.02
22.03.2021 09:07:01.955 GMT-0000,3283.5490000000004,3280.656,0.02,0.0075
22.03.2021 09:07:02.072 GMT-0000,3283,3279.6150000000002,0.02,0.02
22.03.2021 09:07:03.785 GMT-0000,3283.467,3280.5740000000005,0.02,0.0075
22.03.2021 09:07:08.094 GMT-0000,3283.3440000000005,3282,0.0075,0.0075
22.03.2021 09:07:08.145 GMT-0000,3289.385,3282.738,0.02,0.02
22.03.2021 09:07:08.195 GMT-0000,3285.467,3281.6150000000002,0.02,0.02
22.03.2021 09:07:08.396 GMT-0000,3285.385,3280.492,0.02,0.02
22.03.2021 09:07:08.557 GMT-0000,3285.3440000000005,3281.6150000000002,0.02,0.0075
22.03.2021 09:07:09.390 GMT-0000,3285.5490000000004,3280.492,0.02,0.02
22.03.2021 09:07:12.331 GMT-0000,3285.1800000000003,3279.492,0.02,0.02
22.03.2021 09:07:16.049 GMT-0000,3284.508,3279.533,0.02,0.02
22.03.2021 09:07:16.149 GMT-0000,3285.5490000000004,3280,0.02,0.02
22.03.2021 09:07:16.353 GMT-0000,3284.508,3279.697,0.0075,0.02
22.03.2021 09:07:16.926 GMT-0000,3285.221,3279.82,0.02,0.02
22.03.2021 09:07:17.080 GMT-0000,3285.262,3280.7790000000005,0.02,0.0075
22.03.2021 09:07:19.933 GMT-0000,3284.262,3280.82,0.0075,0.02
22.03.2021 09:07:21.255 GMT-0000,3285.5490000000004,3280.7790000000005,0.02,0.02
22.03.2021 09:07:27.254 GMT-0000,3284.508,3280.6150000000002,0.0075,0.02
22.03.2021 09:07:27.304 GMT-0000,3284.221,3279.656,0.02,0.02
22.03.2021 09:07:28.518 GMT-0000,3285.262,3279.451,0.02,0.02
22.03.2021 09:07:30.154 GMT-0000,3285.1800000000003,3280.738,0.02,0.0075
22.03.2021 09:07:34.420 GMT-0000,3284.5490000000004,3280.697,0.0075,0.02
22.03.2021 09:07:34.838 GMT-0000,3283.385,3280.738,0.0075,0.0075
22.03.2021 09:07:34.888 GMT-0000,3283.508,3277.697,0.02,0.02
22.03.2021 09:07:36.618 GMT-0000,3282.1800000000003,3277.533,0.02,0.02
22.03.2021 09:07:37.178 GMT-0000,3282.426,3278.6150000000002,0.02,0.0075
22.03.2021 09:07:37.339 GMT-0000,3282.303,3277.7790000000005,0.02,0.02
22.03.2021 09:07:40.795 GMT-0000,3281.385,3277.6150000000002,0.0075,0.0075
22.03.2021 09:07:40.895 GMT-0000,3281.1800000000003,3277,0.02,0.02
22.03.2021 09:07:43.644 GMT-0000,3281.508,3279,0.0075,0.0075
22.03.2021 09:07:43.694 GMT-0000,3282.221,3278.738,0.02,0.02
22.03.2021 09:07:44.918 GMT-0000,3282.426,3277.492,0.02,0.02
22.03.2021 09:07:45.888 GMT-0000,3282.1800000000003,3278.697,0.02,0.0075
22.03.2021 09:07:50.704 GMT-0000,3281,3278.7790000000005,0.02,0.02
22.03.2021 09:07:50.857 GMT-0000,3282.5490000000004,3278.5740000000005,0.02,0.02
22.03.2021 09:07:50.907 GMT-0000,3281.426,3278.7790000000005,0.02,0.02
22.03.2021 09:07:53.289 GMT-0000,3280.3440000000005,3278.5740000000005,0.0075,0.0075
22.03.2021 09:07:53.339 GMT-0000,3279.385,3276.533,0.02,0.02
22.03.2021 09:07:53.464 GMT-0000,3279,3275.697,0.02,0.02
22.03.2021 09:07:54.200 GMT-0000,3279.3440000000005,3276.7790000000005,0.02,0.0075
22.03.2021 09:07:56.020 GMT-0000,3278.3440000000005,3276.7790000000005,0.0075,0.0075
22.03.2021 09:07:56.070 GMT-0000,3278.508,3273.6150000000002,0.02,0.02
22.03.2021 09:07:56.121 GMT-0000,3277.426,3273.656,0.02,0.02
22.03.2021 09:07:56.983 GMT-0000,3279.426,3273.656,0.02,0.02
22.03.2021 09:07:57.033 GMT-0000,3279,3274.492,0.02,0.02
22.03.2021 09:07:57.376 GMT-0000,3278,3274.533,0.02,0.02
22.03.2021 09:08:00.068 GMT-0000,3278.426,3275.6150000000002,0.02,0.0075
22.03.2021 09:08:12.703 GMT-0000,3278.5490000000004,3273.492,0.02,0.02
22.03.2021 09:08:13.168 GMT-0000,3278.3440000000005,3274.697,0.02,0.0075
22.03.2021 09:08:14.638 GMT-0000,3278.221,3273.6150000000002,0.02,0.02
22.03.2021 09:08:14.688 GMT-0000,3278.467,3275.7790000000005,0.02,0.02
22.03.2021 09:08:23.370 GMT-0000,3278.221,3274.451,0.02,0.02
22.03.2021 09:08:29.005 GMT-0000,3278.262,3275.7790000000005,0.02,0.0075
22.03.2021 09:08:30.792 GMT-0000,3281.5490000000004,3276.697,0.02,0.02
22.03.2021 09:08:30.900 GMT-0000,3280.508,3276.697,0.02,0.02
22.03.2021 09:08:30.950 GMT-0000,3281.303,3276.5740000000005,0.02,0.02
22.03.2021 09:08:34.068 GMT-0000,3281.426,3275.656,0.02,0.02
22.03.2021 09:08:34.118 GMT-0000,3281.262,3277.738,0.02,0.02
22.03.2021 09:08:36.425 GMT-0000,3283.303,3278.533,0.02,0.02
22.03.2021 09:08:38.430 GMT-0000,3283.262,3280,0.02,0.0075
22.03.2021 09:08:40.036 GMT-0000,3284.385,3279.7790000000005,0.02,0.02
22.03.2021 09:08:40.964 GMT-0000,3285.5490000000004,3280,0.02,0.02
22.03.2021 09:08:44.203 GMT-0000,3285.5490000000004,3280.7790000000005,0.02,0.02
22.03.2021 09:08:48.815 GMT-0000,3284.1800000000003,3280.451,0.02,0.02
22.03.2021 09:08:55.655 GMT-0000,3285.221,3280.451,0.02,0.02
22.03.2021 09:08:56.732 GMT-0000,3284,3281,0.02,0.02
22.03.2021 09:09:00.118 GMT-0000,3285.262,3280.5740000000005,0.02,0.02
22.03.2021 09:09:08.864 GMT-0000,3285.1800000000003,3281.6150000000002,0.02,0.0075
22.03.2021 09:09:34.152 GMT-0000,3282.303,3277.533,0.02,0.02
22.03.2021 09:09:34.203 GMT-0000,3280,3275.738,0.02,0.02
22.03.2021 09:09:38.068 GMT-0000,3280.467,3276.697,0.02,0.0075
