Local time,Ask,Bid,AskVolume,BidVolume
30.03.2021 08:00:29.657 GMT+0100,3446.303,3422.697,0.0075,0.0075
30.03.2021 08:00:29.707 GMT+0100,3446.303,3436.5740000000005,0.02,0.02
30.03.2021 08:00:36.731 GMT+0100,3446.467,3438.492,0.02,0.02
30.03.2021 08:00:46.748 GMT+0100,3446.1800000000003,3436.656,0.02,0.02
30.03.2021 08:00:47.033 GMT+0100,3446.3440000000005,3439,0.0075,0.0075
30.03.2021 08:00:47.083 GMT+0100,3450.467,3438.656,0.02,0.02
30.03.2021 08:00:47.212 GMT+0100,3450.426,3437.451,0.02,0.02
30.03.2021 08:00:47.365 GMT+0100,3450.1800000000003,3436.697,0.02,0.02
30.03.2021 08:00:48.155 GMT+0100,3450.385,3446.6150000000002,0.0075,0.0075
30.03.2021 08:00:48.206 GMT+0100,3460.303,3446.492,0.02,0.02
30.03.2021 08:00:48.437 GMT+0100,3458.385,3446.697,0.0075,0.02
30.03.2021 08:00:49.164 GMT+0100,3458,3442.656,0.02,0.02
30.03.2021 08:00:49.214 GMT+0100,3452.262,3438.492,0.02,0.02
30.03.2021 08:00:50.120 GMT+0100,3454.1800000000003,3436.697,0.02,0.02
30.03.2021 08:00:50.485 GMT+0100,3454,3437.492,0.02,0.02
30.03.2021 08:00:52.315 GMT+0100,3456.385,3437.697,0.02,0.02
30.03.2021 08:00:53.118 GMT+0100,3456.467,3439.6150000000002,0.0075,0.0075
30.03.2021 08:00:53.172 GMT+0100,3458.262,3439.451,0.02,0.02
30.03.2021 08:01:19.288 GMT+0100,3458.303,3440.738,0.02,0.02
30.03.2021 08:01:19.535 GMT+0100,3458.508,3442.533,0.02,0.0075
30.03.2021 08:01:20.013 GMT+0100,3458.221,3443.738,0.02,0.0075
30.03.2021 08:01:20.063 GMT+0100,3458.5490000000004,3442.533,0.02,0.02
30.03.2021 08:01:20.934 GMT+0100,3458.303,3449.697,0.02,0.0075
30.03.2021 08:01:34.278 GMT+0100,3470.508,3450.697,0.02,0.02
30.03.2021 08:01:35.061 GMT+0100,3481.467,3452.7790000000005,0.02,0.02
30.03.2021 08:01:35.111 GMT+0100,3477.1800000000003,3452.738,0.02,0.02
30.03.2021 08:01:41.804 GMT+0100,3470.3440000000005,3451.451,0.02,0.02
30.03.2021 08:01:45.098 GMT+0100,3470.303,3449.6150000000002,0.02,0.02
30.03.2021 08:01:45.245 GMT+0100,3468,3449.451,0.0075,0.02
30.03.2021 08:01:45.415 GMT+0100,3467.221,3449.738,0.0075,0.02
30.03.2021 08:01:45.615 GMT+0100,3460.467,3449.533,0.0075,0.02
30.03.2021 08:01:45.929 GMT+0100,3459.385,3449.533,0.0075,0.02
30.03.2021 08:01:48.104 GMT+0100,3457.262,3449.697,0.0075,0.02
30.03.2021 08:02:01.467 GMT+0100,3459.467,3449.5740000000005,0.02,0.02
30.03.2021 08:02:18.818 GMT+0100,3460.1800000000003,3449.6150000000002,0.02,0.02
30.03.2021 08:02:18.868 GMT+0100,3457.1800000000003,3449.82,0.02,0.02
30.03.2021 08:02:54.097 GMT+0100,3454.508,3446.697,0.02,0.02
30.03.2021 08:02:54.198 GMT+0100,3455.262,3440.5740000000005,0.02,0.02
30.03.2021 08:02:54.252 GMT+0100,3454,3440.697,0.02,0.02
30.03.2021 08:02:54.302 GMT+0100,3455.467,3441,0.02,0.02
30.03.2021 08:02:54.840 GMT+0100,3452.426,3440.5740000000005,0.0075,0.02
30.03.2021 08:02:59.111 GMT+0100,3452.1800000000003,3441.533,0.02,0.02
30.03.2021 08:03:00.850 GMT+0100,3457.385,3445.697,0.02,0.02
30.03.2021 08:03:00.900 GMT+0100,3457.467,3447,0.02,0.02
30.03.2021 08:03:01.221 GMT+0100,3457.5490000000004,3449,0.02,0.0075
30.03.2021 08:03:01.663 GMT+0100,3457.303,3450.533,0.0075,0.0075
30.03.2021 08:03:01.713 GMT+0100,3464.426,3448.82,0.02,0.02
30.03.2021 08:03:01.825 GMT+0100,3464.508,3449.5740000000005,0.02,0.0075
30.03.2021 08:03:02.120 GMT+0100,3464.385,3450.6150000000002,0.0075,0.0075
30.03.2021 08:03:02.170 GMT+0100,3469,3450.7790000000005,0.02,0.02
30.03.2021 08:03:03.842 GMT+0100,3467,3450.697,0.0075,0.02
30.03.2021 08:03:04.107 GMT+0100,3465.221,3450.697,0.0075,0.02
30.03.2021 08:03:16.150 GMT+0100,3464.262,3450.656,0.02,0.0075
30.03.2021 08:03:16.200 GMT+0100,3464.5490000000004,3449.7790000000005,0.02,0.02
30.03.2021 08:03:19.140 GMT+0100,3464.221,3450.738,0.02,0.02
30.03.2021 08:03:19.402 GMT+0100,3464,3449.451,0.02,0.02
30.03.2021 08:03:30.208 GMT+0100,3464,3450.6150000000002,0.02,0.0075
30.03.2021 08:03:30.345 GMT+0100,3464.426,3449.5740000000005,0.02,0.02
30.03.2021 08:03:56.808 GMT+0100,3464.508,3450.6150000000002,0.02,0.02
30.03.2021 08:03:56.913 GMT+0100,3464.1800000000003,3449.451,0.02,0.02
30.03.2021 08:04:20.212 GMT+0100,3464.467,3450.697,0.02,0.0075
30.03.2021 08:04:25.048 GMT+0100,3464.5490000000004,3452.7790000000005,0.02,0.0075
30.03.2021 08:04:47.147 GMT+0100,3464.221,3454.5740000000005,0.02,0.0075
30.03.2021 08:05:01.439 GMT+0100,3465.5490000000004,3454.697,0.02,0.02
30.03.2021 08:05:02.400 GMT+0100,3464.426,3454.492,0.02,0.02
30.03.2021 08:05:16.778 GMT+0100,3464.467,3455.451,0.0075,0.0075
30.03.2021 08:05:16.828 GMT+0100,3468.467,3456.6150000000002,0.02,0.02
30.03.2021 08:05:17.340 GMT+0100,3469,3456.492,0.02,0.02
30.03.2021 08:05:19.880 GMT+0100,3469.467,3458.82,0.02,0.02
30.03.2021 08:05:20.263 GMT+0100,3469.221,3457.451,0.02,0.02
30.03.2021 08:05:20.722 GMT+0100,3466.221,3457.82,0.0075,0.02
30.03.2021 08:05:22.684 GMT+0100,3466.467,3462,0.02,0.0075
30.03.2021 08:05:28.988 GMT+0100,3466.5490000000004,3454.738,0.02,0.02
30.03.2021 08:05:29.039 GMT+0100,3466.262,3456.6150000000002,0.02,0.02
30.03.2021 08:05:51.241 GMT+0100,3467.426,3456.738,0.02,0.02
30.03.2021 08:05:51.291 GMT+0100,3464.385,3456.533,0.02,0.02
30.03.2021 08:06:05.899 GMT+0100,3464.303,3457.738,0.02,0.02
30.03.2021 08:06:09.271 GMT+0100,3467.221,3457.533,0.02,0.02
30.03.2021 08:06:10.179 GMT+0100,3469.3440000000005,3457.656,0.02,0.02
30.03.2021 08:06:10.243 GMT+0100,3469.262,3459.82,0.02,0.0075
30.03.2021 08:06:10.294 GMT+0100,3470.303,3459.82,0.02,0.02
30.03.2021 08:06:10.408 GMT+0100,3470.508,3458.738,0.02,0.02
30.03.2021 08:06:20.004 GMT+0100,3469.3440000000005,3459,0.02,0.02
30.03.2021 08:06:21.435 GMT+0100,3470.467,3458.5740000000005,0.02,0.02
30.03.2021 08:06:23.067 GMT+0100,3469.5490000000004,3458.533,0.0075,0.02
30.03.2021 08:06:26.797 GMT+0100,3470.262,3458.5740000000005,0.02,0.02
30.03.2021 08:06:30.557 GMT+0100,3470.3440000000005,3461.738,0.0075,0.0075
30.03.2021 08:06:30.607 GMT+0100,3478.5490000000004,3465.82,0.02,0.02
30.03.2021 08:06:30.658 GMT+0100,3479.221,3465.738,0.02,0.02
30.03.2021 08:06:31.235 GMT+0100,3479.5490000000004,3468.5740000000005,0.02,0.0075
30.03.2021 08:06:32.502 GMT+0100,3480.303,3468.656,0.02,0.02
30.03.2021 08:06:33.598 GMT+0100,3479.5490000000004,3468.656,0.0075,0.02
30.03.2021 08:06:34.212 GMT+0100,3478.426,3468.738,0.0075,0.02
30.03.2021 08:06:34.313 GMT+0100,3479.262,3468.7790000000005,0.02,0.02
30.03.2021 08:06:35.412 GMT+0100,3478.508,3468.738,0.0075,0.02
30.03.2021 08:06:37.863 GMT+0100,3479.5490000000004,3469,0.02,0.02
30.03.2021 08:06:40.305 GMT+0100,3478.303,3468.5740000000005,0.02,0.02
30.03.2021 08:06:46.608 GMT+0100,3479.426,3470,0.02,0.02
30.03.2021 08:06:49.203 GMT+0100,3481.508,3469.6150000000002,0.02,0.02
30.03.2021 08:06:49.253 GMT+0100,3479.426,3469.451,0.02,0.02
30.03.2021 08:06:49.658 GMT+0100,3480.303,3469.492,0.02,0.02
30.03.2021 08:06:50.405 GMT+0100,3481.221,3469.533,0.02,0.02
30.03.2021 08:06:50.666 GMT+0100,3482,3469.533,0.02,0.02
30.03.2021 08:06:50.717 GMT+0100,3482.262,3470.7790000000005,0.02,0.02
30.03.2021 08:06:50.862 GMT+0100,3482.1800000000003,3469.492,0.02,0.02
30.03.2021 08:06:51.617 GMT+0100,3482.3440000000005,3474.533,0.0075,0.0075
30.03.2021 08:06:51.668 GMT+0100,3489.508,3474.451,0.02,0.02
30.03.2021 08:06:51.828 GMT+0100,3489.426,3476.82,0.0075,0.0075
30.03.2021 08:06:51.878 GMT+0100,3492.508,3476.533,0.02,0.02
30.03.2021 08:06:53.117 GMT+0100,3493.426,3477,0.02,0.02
30.03.2021 08:06:53.648 GMT+0100,3491,3476.6150000000002,0.0075,0.02
30.03.2021 08:06:54.625 GMT+0100,3490.508,3477,0.02,0.02
30.03.2021 08:06:59.838 GMT+0100,3489.508,3476.6150000000002,0.0075,0.0075
30.03.2021 08:06:59.888 GMT+0100,3490.221,3474.6150000000002,0.02,0.02
30.03.2021 08:07:00.229 GMT+0100,3485.385,3474.6150000000002,0.0075,0.02
30.03.2021 08:07:06.375 GMT+0100,3483.5490000000004,3471.82,0.02,0.02
30.03.2021 08:07:06.920 GMT+0100,3483.5490000000004,3471,0.02,0.02
30.03.2021 08:07:07.802 GMT+0100,3483.385,3474,0.02,0.0075
30.03.2021 08:07:08.012 GMT+0100,3483.508,3474.533,0.02,0.0075
30.03.2021 08:07:09.509 GMT+0100,3483.221,3475.7790000000005,0.02,0.0075
30.03.2021 08:07:31.513 GMT+0100,3485.262,3475.7790000000005,0.02,0.02
30.03.2021 08:07:33.212 GMT+0100,3484.467,3475.533,0.0075,0.02
30.03.2021 08:07:46.138 GMT+0100,3484,3476.7790000000005,0.02,0.0075
30.03.2021 08:07:54.879 GMT+0100,3485.5490000000004,3476.492,0.02,0.02
30.03.2021 08:07:56.058 GMT+0100,3483.508,3476.656,0.0075,0.02
30.03.2021 08:08:31.134 GMT+0100,3481.385,3476.533,0.0075,0.0075
30.03.2021 08:08:31.184 GMT+0100,3481.508,3474,0.02,0.02
30.03.2021 08:08:53.850 GMT+0100,3482.385,3473.738,0.02,0.02
30.03.2021 08:08:55.773 GMT+0100,3482.303,3475.738,0.0075,0.0075
30.03.2021 08:08:55.823 GMT+0100,3485.3440000000005,3475.738,0.02,0.02
30.03.2021 08:09:00.117 GMT+0100,3485.467,3473.6150000000002,0.02,0.02
30.03.2021 08:09:00.617 GMT+0100,3483.221,3473.6150000000002,0.0075,0.02
30.03.2021 08:09:00.810 GMT+0100,3481.262,3473.451,0.0075,0.02
30.03.2021 08:09:30.812 GMT+0100,3482.221,3473.7790000000005,0.02,0.02
30.03.2021 08:09:30.863 GMT+0100,3480.262,3473.656,0.02,0.02
30.03.2021 08:09:53.470 GMT+0100,3478.5490000000004,3469.5740000000005,0.02,0.02
30.03.2021 08:10:11.114 GMT+0100,3478.221,3470.533,0.0075,0.0075
30.03.2021 08:10:11.165 GMT+0100,3481.426,3470.451,0.02,0.02
30.03.2021 08:10:14.114 GMT+0100,3479.467,3470.5740000000005,0.0075,0.0075
30.03.2021 08:10:14.165 GMT+0100,3479.5490000000004,3469.533,0.02,0.02
30.03.2021 08:10:48.838 GMT+0100,3477,3469.697,0.0075,0.02
30.03.2021 08:10:58.267 GMT+0100,3479.3440000000005,3471.738,0.02,0.02
30.03.2021 08:10:58.317 GMT+0100,3480.1800000000003,3471.6150000000002,0.02,0.02
30.03.2021 08:10:58.633 GMT+0100,3481.508,3472,0.02,0.02
30.03.2021 08:10:58.838 GMT+0100,3479.426,3471.492,0.0075,0.0075
30.03.2021 08:10:58.888 GMT+0100,3479.508,3469.738,0.02,0.02
30.03.2021 08:11:03.424 GMT+0100,3479,3471.6150000000002,0.02,0.0075
30.03.2021 08:11:12.404 GMT+0100,3479.467,3469.533,0.02,0.02
30.03.2021 08:11:12.454 GMT+0100,3478.3440000000005,3469.738,0.02,0.02
30.03.2021 08:11:12.840 GMT+0100,3477.467,3469.697,0.0075,0.02
30.03.2021 08:11:13.871 GMT+0100,3477.385,3470.533,0.02,0.0075
30.03.2021 08:11:14.070 GMT+0100,3477.303,3469.492,0.02,0.02
30.03.2021 08:11:28.052 GMT+0100,3477.303,3471.738,0.02,0.0075
30.03.2021 08:11:28.153 GMT+0100,3477.5490000000004,3469.451,0.02,0.02
30.03.2021 08:11:33.628 GMT+0100,3477.262,3471.5740000000005,0.02,0.02
30.03.2021 08:11:33.988 GMT+0100,3477.5490000000004,3470.6150000000002,0.02,0.02
30.03.2021 08:11:34.048 GMT+0100,3477.262,3469.451,0.02,0.02
30.03.2021 08:11:40.589 GMT+0100,3477.221,3471.656,0.0075,0.0075
30.03.2021 08:11:40.639 GMT+0100,3481.303,3472,0.02,0.02
30.03.2021 08:11:51.608 GMT+0100,3480.385,3469.82,0.02,0.02
30.03.2021 08:12:09.120 GMT+0100,3480.262,3472.738,0.02,0.0075
30.03.2021 08:12:09.283 GMT+0100,3480.262,3471.82,0.02,0.02
30.03.2021 08:12:09.616 GMT+0100,3479.221,3472,0.0075,0.02
30.03.2021 08:12:17.259 GMT+0100,3479.1800000000003,3470.5740000000005,0.02,0.02
30.03.2021 08:12:19.835 GMT+0100,3480.426,3472.492,0.02,0.0075
30.03.2021 08:12:19.998 GMT+0100,3480.5490000000004,3471.451,0.02,0.02
30.03.2021 08:12:25.541 GMT+0100,3480.385,3473.738,0.0075,0.0075
30.03.2021 08:12:25.591 GMT+0100,3482,3473.451,0.02,0.02
30.03.2021 08:12:39.351 GMT+0100,3483.221,3473.451,0.02,0.02
30.03.2021 08:12:40.529 GMT+0100,3483.426,3474.7790000000005,0.02,0.0075
30.03.2021 08:12:52.663 GMT+0100,3484.303,3474.7790000000005,0.02,0.02
30.03.2021 08:12:54.919 GMT+0100,3483.3440000000005,3474.5740000000005,0.02,0.02
30.03.2021 08:13:05.327 GMT+0100,3483.1800000000003,3476.82,0.0075,0.0075
30.03.2021 08:13:05.378 GMT+0100,3484.385,3476.492,0.02,0.02
30.03.2021 08:13:07.672 GMT+0100,3484.467,3475.82,0.02,0.02
30.03.2021 08:13:18.207 GMT+0100,3484.467,3475,0.02,0.02
30.03.2021 08:13:22.458 GMT+0100,3484.262,3475.5740000000005,0.02,0.0075
30.03.2021 08:13:30.855 GMT+0100,3483,3475.656,0.0075,0.0075
30.03.2021 08:13:30.906 GMT+0100,3483.221,3473.492,0.02,0.02
30.03.2021 08:13:35.000 GMT+0100,3482.426,3473.656,0.0075,0.02
30.03.2021 08:14:14.477 GMT+0100,3481.1800000000003,3473.5740000000005,0.0075,0.02
30.03.2021 08:14:35.206 GMT+0100,3481.221,3474.82,0.0075,0.0075
30.03.2021 08:14:41.021 GMT+0100,3482.385,3476.82,0.0075,0.0075
30.03.2021 08:14:41.071 GMT+0100,3484.426,3476.82,0.02,0.02
30.03.2021 08:14:49.311 GMT+0100,3482.5490000000004,3475.697,0.02,0.02
30.03.2021 08:14:49.421 GMT+0100,3482.303,3474.7790000000005,0.02,0.02
30.03.2021 08:14:49.480 GMT+0100,3479.5490000000004,3474.7790000000005,0.0075,0.0075
30.03.2021 08:14:49.530 GMT+0100,3479.303,3473.7790000000005,0.02,0.02
30.03.2021 08:14:49.600 GMT+0100,3479.385,3476.533,0.0075,0.0075
30.03.2021 08:14:49.650 GMT+0100,3482.1800000000003,3476.738,0.02,0.02
30.03.2021 08:14:49.701 GMT+0100,3482.426,3475.6150000000002,0.02,0.02
30.03.2021 08:15:00.133 GMT+0100,3482.1800000000003,3477.738,0.02,0.0075
30.03.2021 08:15:08.079 GMT+0100,3484.3440000000005,3477.697,0.02,0.02
30.03.2021 08:16:27.397 GMT+0100,3483.508,3477.697,0.02,0.02
30.03.2021 08:16:27.556 GMT+0100,3482.467,3477.6150000000002,0.02,0.02
30.03.2021 08:17:43.724 GMT+0100,3481.385,3477.533,0.0075,0.02
30.03.2021 08:18:07.731 GMT+0100,3480.385,3477.5740000000005,0.02,0.02
30.03.2021 08:18:13.108 GMT+0100,3479.467,3477.533,0.0075,0.02
30.03.2021 08:18:33.864 GMT+0100,3483.385,3477.656,0.02,0.02
30.03.2021 08:18:34.047 GMT+0100,3483.221,3477,0.02,0.02
30.03.2021 08:18:34.478 GMT+0100,3483.467,3475.6150000000002,0.02,0.02
30.03.2021 08:18:35.210 GMT+0100,3483,3476.738,0.02,0.0075
30.03.2021 08:18:38.148 GMT+0100,3482.467,3475.451,0.02,0.02
30.03.2021 08:18:57.862 GMT+0100,3482.508,3474.738,0.02,0.02
30.03.2021 08:19:14.276 GMT+0100,3481.5490000000004,3474.451,0.0075,0.02
30.03.2021 08:19:15.609 GMT+0100,3482,3474.451,0.02,0.02
30.03.2021 08:19:38.526 GMT+0100,3480.3440000000005,3474.533,0.0075,0.02
30.03.2021 08:19:56.194 GMT+0100,3481.303,3474.492,0.02,0.02
30.03.2021 08:20:16.579 GMT+0100,3481.508,3473.7790000000005,0.02,0.02
30.03.2021 08:20:19.424 GMT+0100,3481.262,3474.533,0.02,0.02
30.03.2021 08:20:21.281 GMT+0100,3481.303,3473.533,0.02,0.02
30.03.2021 08:20:33.667 GMT+0100,3478.467,3473.5740000000005,0.0075,0.0075
30.03.2021 08:20:33.717 GMT+0100,3479.262,3471.451,0.02,0.02
30.03.2021 08:20:36.667 GMT+0100,3479.508,3472.5740000000005,0.02,0.02
30.03.2021 08:21:03.029 GMT+0100,3479.1800000000003,3473.492,0.02,0.0075
30.03.2021 08:21:04.052 GMT+0100,3479.221,3476.697,0.02,0.0075
30.03.2021 08:21:08.029 GMT+0100,3479.262,3477.533,0.0075,0.0075
30.03.2021 08:21:08.079 GMT+0100,3483.508,3477.656,0.02,0.02
30.03.2021 08:21:08.241 GMT+0100,3483.426,3476.5740000000005,0.02,0.02
30.03.2021 08:21:13.038 GMT+0100,3484.508,3477.7790000000005,0.02,0.02
30.03.2021 08:21:15.442 GMT+0100,3483.508,3476.5740000000005,0.02,0.02
30.03.2021 08:21:15.492 GMT+0100,3484.385,3476.82,0.02,0.02
30.03.2021 08:21:23.038 GMT+0100,3484,3477.451,0.02,0.0075
30.03.2021 08:21:23.262 GMT+0100,3485.467,3478,0.02,0.02
30.03.2021 08:21:24.041 GMT+0100,3486.508,3480,0.02,0.02
30.03.2021 08:21:35.633 GMT+0100,3485.3440000000005,3479.738,0.0075,0.02
30.03.2021 08:21:39.204 GMT+0100,3485.467,3478.6150000000002,0.02,0.02
30.03.2021 08:21:39.255 GMT+0100,3486.508,3479.7790000000005,0.02,0.02
30.03.2021 08:21:43.521 GMT+0100,3486.426,3481.533,0.02,0.0075
30.03.2021 08:21:46.134 GMT+0100,3489.467,3483.492,0.02,0.02
30.03.2021 08:21:55.030 GMT+0100,3489.3440000000005,3482.492,0.02,0.02
30.03.2021 08:21:55.080 GMT+0100,3490.508,3483.492,0.02,0.02
30.03.2021 08:21:55.498 GMT+0100,3488.385,3483.6150000000002,0.0075,0.02
30.03.2021 08:22:17.739 GMT+0100,3488.1800000000003,3482.82,0.02,0.02
30.03.2021 08:22:17.839 GMT+0100,3489.3440000000005,3482,0.02,0.02
30.03.2021 08:22:36.200 GMT+0100,3490.426,3483.656,0.02,0.02
30.03.2021 08:22:39.203 GMT+0100,3491.508,3483.738,0.02,0.02
30.03.2021 08:22:39.663 GMT+0100,3492.221,3485.82,0.02,0.02
30.03.2021 08:22:42.135 GMT+0100,3491.385,3483.738,0.02,0.02
30.03.2021 08:22:56.671 GMT+0100,3491.221,3484.7790000000005,0.02,0.02
30.03.2021 08:24:01.028 GMT+0100,3491.5490000000004,3483.533,0.02,0.02
30.03.2021 08:24:03.060 GMT+0100,3491.221,3482.7790000000005,0.02,0.02
30.03.2021 08:24:03.312 GMT+0100,3488,3483,0.0075,0.0075
30.03.2021 08:24:03.362 GMT+0100,3488,3481.697,0.02,0.02
30.03.2021 08:24:05.224 GMT+0100,3488.3440000000005,3482.533,0.02,0.02
30.03.2021 08:24:13.482 GMT+0100,3489.262,3482.492,0.02,0.02
30.03.2021 08:24:13.533 GMT+0100,3490.221,3484.5740000000005,0.02,0.02
30.03.2021 08:24:13.583 GMT+0100,3491.262,3484.5740000000005,0.02,0.02
30.03.2021 08:24:21.847 GMT+0100,3490.467,3484.5740000000005,0.02,0.02
30.03.2021 08:24:54.097 GMT+0100,3491.508,3484.492,0.02,0.02
30.03.2021 08:24:55.000 GMT+0100,3490.3440000000005,3484.7790000000005,0.02,0.02
30.03.2021 08:24:59.866 GMT+0100,3490.5490000000004,3483.6150000000002,0.02,0.02
30.03.2021 08:25:06.524 GMT+0100,3488.221,3481.492,0.02,0.02
30.03.2021 08:25:11.085 GMT+0100,3488,3482.451,0.02,0.0075
30.03.2021 08:25:19.274 GMT+0100,3488.3440000000005,3481.738,0.02,0.02
30.03.2021 08:25:24.434 GMT+0100,3488.5490000000004,3482.533,0.02,0.0075
30.03.2021 08:25:32.808 GMT+0100,3490.1800000000003,3486.5740000000005,0.02,0.0075
30.03.2021 08:25:53.669 GMT+0100,3489.221,3482.697,0.02,0.02
30.03.2021 08:26:02.122 GMT+0100,3488.385,3482.7790000000005,0.0075,0.02
30.03.2021 08:26:12.193 GMT+0100,3488.262,3481.7790000000005,0.02,0.02
30.03.2021 08:26:27.866 GMT+0100,3488.221,3482.656,0.02,0.02
30.03.2021 08:26:36.150 GMT+0100,3488.303,3483.533,0.02,0.02
30.03.2021 08:26:36.294 GMT+0100,3488.262,3482.7790000000005,0.02,0.02
30.03.2021 08:26:43.948 GMT+0100,3488,3483.697,0.02,0.0075
30.03.2021 08:26:44.048 GMT+0100,3488.1800000000003,3482.738,0.02,0.02
30.03.2021 08:27:06.250 GMT+0100,3488.426,3483.7790000000005,0.02,0.0075
30.03.2021 08:27:06.518 GMT+0100,3488.385,3482.656,0.02,0.02
30.03.2021 08:27:19.885 GMT+0100,3488.467,3482,0.02,0.02
30.03.2021 08:27:20.041 GMT+0100,3484.221,3479.738,0.02,0.02
30.03.2021 08:27:25.698 GMT+0100,3484.467,3478.5740000000005,0.02,0.02
30.03.2021 08:27:26.204 GMT+0100,3482.303,3478.7790000000005,0.0075,0.0075
30.03.2021 08:27:26.255 GMT+0100,3482.3440000000005,3477.697,0.02,0.02
30.03.2021 08:27:33.886 GMT+0100,3482,3476.6150000000002,0.02,0.02
30.03.2021 08:27:39.326 GMT+0100,3482.221,3477.82,0.02,0.0075
30.03.2021 08:27:39.376 GMT+0100,3482.385,3477,0.02,0.02
30.03.2021 08:28:26.387 GMT+0100,3482.303,3475.6150000000002,0.02,0.02
30.03.2021 08:28:26.496 GMT+0100,3482.5490000000004,3476.5740000000005,0.02,0.02
30.03.2021 08:29:03.296 GMT+0100,3482.385,3477.533,0.02,0.02
30.03.2021 08:29:03.414 GMT+0100,3482.467,3476.656,0.02,0.02
30.03.2021 08:30:00.018 GMT+0100,3482,3475.656,0.02,0.02
30.03.2021 08:30:00.749 GMT+0100,3482.1800000000003,3476.533,0.02,0.0075
30.03.2021 08:30:04.472 GMT+0100,3482.5490000000004,3477.738,0.02,0.0075
30.03.2021 08:30:04.651 GMT+0100,3482.426,3476.451,0.02,0.02
30.03.2021 08:30:10.731 GMT+0100,3482.467,3475.7790000000005,0.02,0.02
30.03.2021 08:30:11.550 GMT+0100,3482.262,3476.451,0.02,0.0075
30.03.2021 08:30:17.565 GMT+0100,3485.303,3479.697,0.02,0.02
30.03.2021 08:30:17.615 GMT+0100,3486,3478.82,0.02,0.02
30.03.2021 08:30:18.522 GMT+0100,3486.426,3480.738,0.02,0.0075
30.03.2021 08:30:18.688 GMT+0100,3486.508,3479.697,0.02,0.02
30.03.2021 08:30:20.608 GMT+0100,3485.426,3479.738,0.0075,0.0075
30.03.2021 08:30:20.658 GMT+0100,3485.508,3478.533,0.02,0.02
30.03.2021 08:30:20.709 GMT+0100,3485,3477.451,0.02,0.02
30.03.2021 08:30:31.126 GMT+0100,3485.467,3478.7790000000005,0.02,0.02
30.03.2021 08:30:31.266 GMT+0100,3485.508,3477.82,0.02,0.02
30.03.2021 08:30:40.536 GMT+0100,3485.303,3478.5740000000005,0.02,0.0075
30.03.2021 08:30:50.388 GMT+0100,3485.3440000000005,3477.656,0.02,0.02
30.03.2021 08:31:01.138 GMT+0100,3485.385,3479,0.02,0.02
30.03.2021 08:31:01.382 GMT+0100,3485.221,3477.82,0.02,0.02
30.03.2021 08:31:15.717 GMT+0100,3485.426,3478.656,0.02,0.0075
30.03.2021 08:31:16.629 GMT+0100,3485.303,3477.656,0.02,0.02
30.03.2021 08:31:17.771 GMT+0100,3485,3478.697,0.02,0.02
30.03.2021 08:31:17.928 GMT+0100,3485.3440000000005,3477.738,0.02,0.02
30.03.2021 08:31:31.658 GMT+0100,3485.426,3478.738,0.02,0.0075
30.03.2021 08:31:32.100 GMT+0100,3485.508,3479.451,0.02,0.02
30.03.2021 08:32:04.034 GMT+0100,3486.221,3479.656,0.02,0.02
30.03.2021 08:32:04.084 GMT+0100,3486.385,3481.6150000000002,0.02,0.02
30.03.2021 08:32:04.134 GMT+0100,3486.3440000000005,3480.492,0.02,0.02
30.03.2021 08:32:19.809 GMT+0100,3486.426,3481.82,0.02,0.0075
30.03.2021 08:32:21.662 GMT+0100,3486,3480.82,0.02,0.02
30.03.2021 08:33:14.611 GMT+0100,3486.5490000000004,3483.82,0.0075,0.0075
30.03.2021 08:33:14.662 GMT+0100,3487.426,3483.82,0.02,0.02
30.03.2021 08:33:14.762 GMT+0100,3488,3482.533,0.02,0.02
30.03.2021 08:33:17.122 GMT+0100,3488.385,3481.451,0.02,0.02
30.03.2021 08:33:17.538 GMT+0100,3488.5490000000004,3482.533,0.02,0.0075
30.03.2021 08:33:18.999 GMT+0100,3487.303,3482.7790000000005,0.02,0.0075
30.03.2021 08:33:24.450 GMT+0100,3487.508,3481.492,0.02,0.02
30.03.2021 08:33:26.745 GMT+0100,3487.467,3482.451,0.02,0.0075
30.03.2021 08:33:27.578 GMT+0100,3487.262,3481.5740000000005,0.02,0.02
30.03.2021 08:33:29.642 GMT+0100,3488.262,3481.5740000000005,0.02,0.02
30.03.2021 08:33:29.981 GMT+0100,3488.262,3482.533,0.02,0.02
30.03.2021 08:34:08.495 GMT+0100,3488.3440000000005,3484.5740000000005,0.02,0.02
30.03.2021 08:34:08.545 GMT+0100,3490.5490000000004,3484.492,0.02,0.02
30.03.2021 08:34:11.340 GMT+0100,3490.508,3485.6150000000002,0.0075,0.0075
30.03.2021 08:34:11.391 GMT+0100,3492.426,3485.492,0.02,0.02
30.03.2021 08:34:11.478 GMT+0100,3492.385,3488.697,0.02,0.0075
30.03.2021 08:34:17.393 GMT+0100,3492.5490000000004,3486,0.02,0.02
30.03.2021 08:34:17.444 GMT+0100,3491.385,3484.82,0.02,0.02
30.03.2021 08:34:18.358 GMT+0100,3491.5490000000004,3483.656,0.02,0.02
30.03.2021 08:34:18.408 GMT+0100,3491.262,3484.5740000000005,0.02,0.02
30.03.2021 08:34:21.362 GMT+0100,3491.303,3485.492,0.02,0.0075
30.03.2021 08:34:22.664 GMT+0100,3492,3485.6150000000002,0.02,0.02
30.03.2021 08:34:29.860 GMT+0100,3491.508,3484.697,0.02,0.02
30.03.2021 08:34:43.133 GMT+0100,3491.385,3485.451,0.02,0.0075
30.03.2021 08:34:44.224 GMT+0100,3491.5490000000004,3489.492,0.0075,0.0075
30.03.2021 08:34:44.275 GMT+0100,3496.508,3489.82,0.02,0.02
30.03.2021 08:34:44.812 GMT+0100,3495.303,3488.492,0.0075,0.02
30.03.2021 08:34:45.838 GMT+0100,3495.262,3489.7790000000005,0.02,0.02
30.03.2021 08:34:46.013 GMT+0100,3495.385,3490.492,0.02,0.0075
30.03.2021 08:34:46.169 GMT+0100,3495.385,3489.451,0.02,0.02
30.03.2021 08:34:48.209 GMT+0100,3495.1800000000003,3488.5740000000005,0.02,0.02
30.03.2021 08:34:48.312 GMT+0100,3495,3489.492,0.02,0.0075
30.03.2021 08:34:49.547 GMT+0100,3495.3440000000005,3492,0.02,0.0075
30.03.2021 08:34:53.680 GMT+0100,3497.467,3491.451,0.02,0.02
30.03.2021 08:34:56.646 GMT+0100,3496.303,3491.697,0.0075,0.02
30.03.2021 08:35:03.112 GMT+0100,3497,3491.697,0.02,0.02
30.03.2021 08:35:16.281 GMT+0100,3497.1800000000003,3496.451,0.0075,0.0075
30.03.2021 08:35:16.332 GMT+0100,3500.508,3496.533,0.02,0.02
30.03.2021 08:35:17.850 GMT+0100,3500.3440000000005,3495.6150000000002,0.02,0.02
30.03.2021 08:35:25.412 GMT+0100,3500.385,3496.656,0.02,0.0075
30.03.2021 08:35:26.412 GMT+0100,3502.262,3496.82,0.02,0.02
30.03.2021 08:35:26.463 GMT+0100,3504.3440000000005,3498,0.02,0.02
30.03.2021 08:35:26.520 GMT+0100,3504,3498.451,0.02,0.0075
30.03.2021 08:35:27.740 GMT+0100,3503,3499.451,0.02,0.02
30.03.2021 08:35:28.907 GMT+0100,3506.5490000000004,3499.697,0.02,0.02
30.03.2021 08:35:28.958 GMT+0100,3506.5490000000004,3502.697,0.02,0.02
30.03.2021 08:35:29.808 GMT+0100,3506.426,3503.6150000000002,0.02,0.02
30.03.2021 08:35:29.858 GMT+0100,3511.221,3503.492,0.02,0.02
30.03.2021 08:35:30.232 GMT+0100,3509.385,3503.5740000000005,0.02,0.02
30.03.2021 08:35:33.868 GMT+0100,3509,3503,0.02,0.02
30.03.2021 08:35:33.919 GMT+0100,3506.426,3495.492,0.02,0.02
30.03.2021 08:35:34.341 GMT+0100,3504.5490000000004,3495.5740000000005,0.0075,0.02
30.03.2021 08:35:35.721 GMT+0100,3504.1800000000003,3499.5740000000005,0.02,0.0075
30.03.2021 08:35:35.771 GMT+0100,3504.508,3495.5740000000005,0.02,0.02
30.03.2021 08:35:36.876 GMT+0100,3504.1800000000003,3497,0.02,0.0075
30.03.2021 08:35:42.837 GMT+0100,3504.3440000000005,3501.738,0.0075,0.0075
30.03.2021 08:35:42.888 GMT+0100,3508,3500.6150000000002,0.02,0.02
30.03.2021 08:35:43.008 GMT+0100,3508.5490000000004,3504.7790000000005,0.02,0.0075
30.03.2021 08:35:44.868 GMT+0100,3508.385,3506.697,0.0075,0.0075
30.03.2021 08:35:44.918 GMT+0100,3511.303,3506.697,0.02,0.02
30.03.2021 08:35:44.969 GMT+0100,3511.385,3504.533,0.02,0.02
30.03.2021 08:35:50.848 GMT+0100,3511.221,3507,0.02,0.0075
30.03.2021 08:36:01.497 GMT+0100,3513.262,3506.7790000000005,0.02,0.02
30.03.2021 08:36:03.916 GMT+0100,3511.385,3505.656,0.02,0.02
30.03.2021 08:36:04.116 GMT+0100,3511.467,3504.5740000000005,0.02,0.02
30.03.2021 08:36:04.416 GMT+0100,3511.508,3505.656,0.02,0.0075
30.03.2021 08:36:04.568 GMT+0100,3511.467,3504.5740000000005,0.02,0.02
30.03.2021 08:36:12.220 GMT+0100,3509.303,3504.738,0.02,0.02
30.03.2021 08:36:24.209 GMT+0100,3507.221,3501.533,0.02,0.02
30.03.2021 08:36:30.658 GMT+0100,3507.467,3498.6150000000002,0.02,0.02
30.03.2021 08:36:31.341 GMT+0100,3507.5490000000004,3497.738,0.02,0.02
30.03.2021 08:36:38.561 GMT+0100,3507.221,3499,0.02,0.0075
30.03.2021 08:36:48.684 GMT+0100,3504.426,3498.697,0.0075,0.0075
30.03.2021 08:36:48.734 GMT+0100,3501.1800000000003,3493.697,0.02,0.02
30.03.2021 08:36:48.835 GMT+0100,3502.5490000000004,3497.451,0.02,0.02
30.03.2021 08:36:49.961 GMT+0100,3504.1800000000003,3497.656,0.02,0.02
30.03.2021 08:36:50.012 GMT+0100,3505.303,3498.451,0.02,0.02
30.03.2021 08:36:50.321 GMT+0100,3504.467,3498.82,0.0075,0.02
30.03.2021 08:36:50.863 GMT+0100,3505.426,3498.656,0.02,0.02
30.03.2021 08:36:50.914 GMT+0100,3505.221,3500.451,0.02,0.02
30.03.2021 08:37:01.610 GMT+0100,3500.1800000000003,3494.82,0.02,0.02
30.03.2021 08:37:28.545 GMT+0100,3500,3496.738,0.0075,0.0075
30.03.2021 08:37:28.596 GMT+0100,3504.508,3496.451,0.02,0.02
30.03.2021 08:37:31.555 GMT+0100,3503,3496.492,0.0075,0.02
30.03.2021 08:37:35.871 GMT+0100,3502.1800000000003,3496.656,0.02,0.02
30.03.2021 08:37:42.628 GMT+0100,3502.303,3496,0.02,0.02
30.03.2021 08:37:42.679 GMT+0100,3502.303,3496.6150000000002,0.02,0.02
30.03.2021 08:37:44.068 GMT+0100,3500.303,3496.451,0.0075,0.02
30.03.2021 08:37:45.987 GMT+0100,3500.221,3493.5740000000005,0.02,0.02
30.03.2021 08:38:08.740 GMT+0100,3498.467,3493.656,0.0075,0.02
30.03.2021 08:38:27.660 GMT+0100,3498.467,3492.533,0.02,0.02
30.03.2021 08:38:28.636 GMT+0100,3498.262,3493.492,0.02,0.0075
30.03.2021 08:38:28.966 GMT+0100,3498.467,3492.533,0.02,0.02
30.03.2021 08:38:30.155 GMT+0100,3498.426,3493.533,0.02,0.02
30.03.2021 08:38:33.240 GMT+0100,3498.262,3494.533,0.0075,0.0075
30.03.2021 08:38:33.291 GMT+0100,3502.426,3493.533,0.02,0.02
30.03.2021 08:38:33.504 GMT+0100,3502.385,3494.6150000000002,0.02,0.02
30.03.2021 08:38:55.289 GMT+0100,3503.1800000000003,3494.656,0.02,0.02
30.03.2021 08:39:08.148 GMT+0100,3501.3440000000005,3494.451,0.0075,0.0075
30.03.2021 08:39:08.198 GMT+0100,3501.1800000000003,3493.697,0.02,0.02
30.03.2021 08:39:08.249 GMT+0100,3502.5490000000004,3493.5740000000005,0.02,0.02
30.03.2021 08:39:13.340 GMT+0100,3502.3440000000005,3495.451,0.02,0.0075
30.03.2021 08:39:32.080 GMT+0100,3502.262,3494.6150000000002,0.02,0.02
30.03.2021 08:39:42.055 GMT+0100,3502.508,3493.7790000000005,0.02,0.02
30.03.2021 08:39:42.106 GMT+0100,3502.508,3494.5740000000005,0.02,0.02
30.03.2021 08:39:46.483 GMT+0100,3502.1800000000003,3493.738,0.02,0.02
30.03.2021 08:39:50.687 GMT+0100,3502.3440000000005,3494.6150000000002,0.02,0.02
30.03.2021 08:39:57.871 GMT+0100,3502.3440000000005,3493.697,0.02,0.02
30.03.2021 08:39:58.494 GMT+0100,3502.303,3494.82,0.02,0.0075
30.03.2021 08:40:00.017 GMT+0100,3502.3440000000005,3493.82,0.02,0.02
30.03.2021 08:40:04.153 GMT+0100,3502.508,3494.451,0.02,0.0075
30.03.2021 08:40:05.776 GMT+0100,3502.1800000000003,3493.5740000000005,0.02,0.02
30.03.2021 08:40:07.421 GMT+0100,3502,3494.533,0.02,0.0075
30.03.2021 08:40:10.526 GMT+0100,3502.303,3493.492,0.02,0.02
30.03.2021 08:40:11.000 GMT+0100,3502.5490000000004,3494.451,0.02,0.0075
30.03.2021 08:40:20.150 GMT+0100,3502.5490000000004,3493.533,0.02,0.02
30.03.2021 08:40:23.717 GMT+0100,3502.1800000000003,3494.82,0.02,0.0075
30.03.2021 08:40:35.017 GMT+0100,3502.5490000000004,3495.6150000000002,0.02,0.0075
30.03.2021 08:40:38.084 GMT+0100,3502.3440000000005,3494.82,0.02,0.02
30.03.2021 08:40:44.000 GMT+0100,3503.426,3498.738,0.02,0.02
30.03.2021 08:40:51.514 GMT+0100,3504.1800000000003,3498.6150000000002,0.02,0.02
30.03.2021 08:40:54.198 GMT+0100,3505.467,3498.492,0.02,0.02
30.03.2021 08:40:56.340 GMT+0100,3505.262,3500.5740000000005,0.02,0.0075
30.03.2021 08:41:24.343 GMT+0100,3504.3440000000005,3500.656,0.0075,0.0075
30.03.2021 08:41:24.394 GMT+0100,3504.303,3498.7790000000005,0.02,0.02
30.03.2021 08:41:56.944 GMT+0100,3506.426,3498.533,0.02,0.02
30.03.2021 08:41:56.994 GMT+0100,3505.5490000000004,3498.451,0.02,0.02
30.03.2021 08:41:57.254 GMT+0100,3506.1800000000003,3499,0.02,0.02
30.03.2021 08:41:59.252 GMT+0100,3505.3440000000005,3498.533,0.02,0.02
30.03.2021 08:42:05.306 GMT+0100,3506.303,3498.697,0.02,0.02
30.03.2021 08:42:05.372 GMT+0100,3505.508,3498.533,0.02,0.02
30.03.2021 08:42:32.704 GMT+0100,3503.1800000000003,3498.5740000000005,0.02,0.02
30.03.2021 08:42:36.084 GMT+0100,3504.221,3498.533,0.02,0.02
30.03.2021 08:42:51.253 GMT+0100,3503.262,3497.6150000000002,0.02,0.02
30.03.2021 08:42:51.304 GMT+0100,3503.1800000000003,3497,0.02,0.02
30.03.2021 08:43:01.799 GMT+0100,3503.508,3498.533,0.0075,0.0075
30.03.2021 08:43:01.850 GMT+0100,3505.303,3497.738,0.02,0.02
30.03.2021 08:43:01.900 GMT+0100,3504.1800000000003,3497.533,0.02,0.02
30.03.2021 08:43:03.008 GMT+0100,3503.221,3497.656,0.02,0.02
30.03.2021 08:43:16.760 GMT+0100,3503.3440000000005,3496.451,0.02,0.02
30.03.2021 08:43:56.875 GMT+0100,3502.221,3496.492,0.0075,0.0075
30.03.2021 08:44:08.814 GMT+0100,3499.5490000000004,3495.6150000000002,0.0075,0.0075
30.03.2021 08:44:08.864 GMT+0100,3499.3440000000005,3494.492,0.02,0.02
30.03.2021 08:44:08.965 GMT+0100,3500.5490000000004,3494.738,0.02,0.02
30.03.2021 08:44:22.446 GMT+0100,3500.508,3496,0.0075,0.0075
30.03.2021 08:44:22.496 GMT+0100,3502.1800000000003,3495.738,0.02,0.02
30.03.2021 08:44:25.439 GMT+0100,3501.221,3495.656,0.02,0.02
30.03.2021 08:44:31.074 GMT+0100,3502.426,3495.697,0.02,0.02
30.03.2021 08:45:01.154 GMT+0100,3502.467,3496.82,0.02,0.02
30.03.2021 08:45:01.262 GMT+0100,3503.1800000000003,3498.82,0.02,0.02
30.03.2021 08:45:01.967 GMT+0100,3503.3440000000005,3497.738,0.02,0.02
30.03.2021 08:45:19.555 GMT+0100,3503.1800000000003,3498.451,0.02,0.02
30.03.2021 08:45:43.493 GMT+0100,3502.303,3496.492,0.02,0.02
30.03.2021 08:46:02.315 GMT+0100,3502.426,3497.738,0.0075,0.0075
30.03.2021 08:46:02.365 GMT+0100,3503.385,3497.6150000000002,0.02,0.02
30.03.2021 08:46:04.542 GMT+0100,3503.385,3499,0.0075,0.0075
30.03.2021 08:46:04.592 GMT+0100,3506.303,3498.738,0.02,0.02
30.03.2021 08:46:04.642 GMT+0100,3505.303,3498.656,0.02,0.02
30.03.2021 08:46:05.638 GMT+0100,3504.221,3498.738,0.0075,0.02
30.03.2021 08:46:06.309 GMT+0100,3504,3500.697,0.02,0.02
30.03.2021 08:46:10.771 GMT+0100,3504.426,3498.6150000000002,0.02,0.02
30.03.2021 08:46:13.729 GMT+0100,3504.467,3499.656,0.02,0.0075
30.03.2021 08:46:14.818 GMT+0100,3504.5490000000004,3498.492,0.02,0.02
30.03.2021 08:46:17.240 GMT+0100,3504.5490000000004,3499.533,0.02,0.02
30.03.2021 08:47:40.751 GMT+0100,3506.467,3501.6150000000002,0.02,0.02
30.03.2021 08:47:40.912 GMT+0100,3506.426,3500.738,0.02,0.02
30.03.2021 08:47:52.732 GMT+0100,3506,3501.738,0.02,0.0075
30.03.2021 08:48:01.652 GMT+0100,3508.221,3502.82,0.02,0.02
30.03.2021 08:48:02.141 GMT+0100,3509.508,3502.533,0.02,0.02
30.03.2021 08:48:03.381 GMT+0100,3509.5490000000004,3504,0.02,0.0075
30.03.2021 08:48:03.759 GMT+0100,3509.467,3505.697,0.02,0.0075
30.03.2021 08:48:03.860 GMT+0100,3510.303,3505.697,0.02,0.02
30.03.2021 08:48:07.156 GMT+0100,3511.3440000000005,3506.492,0.02,0.02
30.03.2021 08:48:07.852 GMT+0100,3512.508,3506.738,0.02,0.02
30.03.2021 08:48:25.756 GMT+0100,3512.3440000000005,3507.82,0.02,0.02
30.03.2021 08:48:41.284 GMT+0100,3509,3507.75,0.0075,0.0075
30.03.2021 08:48:41.335 GMT+0100,3505,3498.697,0.02,0.02
30.03.2021 08:48:41.435 GMT+0100,3506.5490000000004,3499.656,0.02,0.02
30.03.2021 08:48:43.698 GMT+0100,3507.221,3499.5740000000005,0.02,0.02
30.03.2021 08:48:44.264 GMT+0100,3507.221,3501,0.02,0.0075
30.03.2021 08:48:47.452 GMT+0100,3506.426,3502.5740000000005,0.0075,0.0075
30.03.2021 08:48:47.502 GMT+0100,3506.467,3500.656,0.02,0.02
30.03.2021 08:48:51.902 GMT+0100,3505.262,3501,0.02,0.02
30.03.2021 08:49:09.641 GMT+0100,3507.426,3501.533,0.02,0.02
30.03.2021 08:49:10.268 GMT+0100,3506.1800000000003,3500.7790000000005,0.02,0.02
30.03.2021 08:49:13.200 GMT+0100,3506.262,3501.492,0.0075,0.0075
30.03.2021 08:49:13.251 GMT+0100,3507,3501.7790000000005,0.02,0.02
30.03.2021 08:49:25.139 GMT+0100,3506.262,3501.6150000000002,0.0075,0.02
30.03.2021 08:49:26.475 GMT+0100,3507.303,3501.738,0.02,0.02
30.03.2021 08:49:43.648 GMT+0100,3506.385,3501.738,0.02,0.02
30.03.2021 08:49:43.698 GMT+0100,3507.467,3501.697,0.02,0.02
30.03.2021 08:49:54.414 GMT+0100,3506.467,3501.697,0.02,0.02
30.03.2021 08:49:54.465 GMT+0100,3507.221,3501.656,0.02,0.02
30.03.2021 08:49:54.515 GMT+0100,3506.426,3501.82,0.02,0.02
30.03.2021 08:49:55.200 GMT+0100,3507.221,3501.697,0.02,0.02
30.03.2021 08:50:20.894 GMT+0100,3506.262,3501.738,0.0075,0.02
30.03.2021 08:50:21.759 GMT+0100,3506.467,3500.5740000000005,0.02,0.02
30.03.2021 08:50:22.291 GMT+0100,3506.385,3502.451,0.02,0.02
30.03.2021 08:50:22.894 GMT+0100,3507.426,3502.5740000000005,0.02,0.02
30.03.2021 08:50:23.445 GMT+0100,3506.508,3502.533,0.02,0.02
30.03.2021 08:50:31.139 GMT+0100,3507.303,3502.5740000000005,0.02,0.02
30.03.2021 08:50:31.709 GMT+0100,3506.5490000000004,3502.492,0.0075,0.02
30.03.2021 08:50:32.050 GMT+0100,3507.1800000000003,3502.6150000000002,0.02,0.02
30.03.2021 08:50:33.793 GMT+0100,3506.385,3502.6150000000002,0.02,0.02
30.03.2021 08:50:34.029 GMT+0100,3507.1800000000003,3502.6150000000002,0.02,0.02
30.03.2021 08:50:34.079 GMT+0100,3506.5490000000004,3502.656,0.02,0.02
30.03.2021 08:50:34.609 GMT+0100,3507.262,3502.451,0.02,0.02
30.03.2021 08:50:35.004 GMT+0100,3506.3440000000005,3502.5740000000005,0.0075,0.02
30.03.2021 08:50:35.167 GMT+0100,3507.508,3502.82,0.02,0.02
30.03.2021 08:50:35.540 GMT+0100,3506.1800000000003,3503,0.0075,0.02
30.03.2021 08:50:36.928 GMT+0100,3507.303,3502.82,0.02,0.02
30.03.2021 08:50:50.717 GMT+0100,3507.426,3503.451,0.02,0.02
30.03.2021 08:50:50.804 GMT+0100,3507.3440000000005,3502.6150000000002,0.02,0.02
30.03.2021 08:50:51.705 GMT+0100,3506.5490000000004,3502.533,0.02,0.02
30.03.2021 08:51:06.196 GMT+0100,3510,3503.533,0.02,0.02
30.03.2021 08:51:06.452 GMT+0100,3509.508,3503.738,0.0075,0.02
30.03.2021 08:51:06.560 GMT+0100,3510.303,3503.451,0.02,0.02
30.03.2021 08:51:08.237 GMT+0100,3509.1800000000003,3503.738,0.02,0.02
30.03.2021 08:51:11.524 GMT+0100,3510.3440000000005,3503.7790000000005,0.02,0.02
30.03.2021 08:51:13.498 GMT+0100,3509.426,3503.82,0.0075,0.02
30.03.2021 08:51:16.205 GMT+0100,3509.3440000000005,3504.451,0.02,0.0075
30.03.2021 08:51:17.205 GMT+0100,3510.262,3504.656,0.02,0.02
30.03.2021 08:51:26.484 GMT+0100,3509.467,3504.6150000000002,0.0075,0.02
30.03.2021 08:51:57.853 GMT+0100,3510.426,3505,0.02,0.02
30.03.2021 08:52:20.556 GMT+0100,3509.3440000000005,3504.451,0.02,0.02
30.03.2021 08:52:27.958 GMT+0100,3510.385,3504.697,0.02,0.02
30.03.2021 08:52:30.235 GMT+0100,3509.262,3504.738,0.02,0.02
30.03.2021 08:52:39.658 GMT+0100,3510.5490000000004,3505,0.02,0.02
30.03.2021 08:52:49.541 GMT+0100,3511.385,3506.5740000000005,0.02,0.02
30.03.2021 08:52:49.591 GMT+0100,3515.508,3509.738,0.02,0.02
30.03.2021 08:52:54.228 GMT+0100,3515.221,3510.7790000000005,0.02,0.0075
30.03.2021 08:52:57.747 GMT+0100,3514.385,3510.82,0.0075,0.02
30.03.2021 08:53:14.347 GMT+0100,3515.426,3510.7790000000005,0.02,0.02
30.03.2021 08:53:16.287 GMT+0100,3514.303,3510.7790000000005,0.0075,0.02
30.03.2021 08:53:16.337 GMT+0100,3514.467,3508.738,0.02,0.02
30.03.2021 08:53:17.011 GMT+0100,3513.221,3508.82,0.0075,0.0075
30.03.2021 08:53:17.061 GMT+0100,3514.221,3507.738,0.02,0.02
30.03.2021 08:53:29.034 GMT+0100,3512.262,3507.533,0.0075,0.02
30.03.2021 08:53:36.821 GMT+0100,3511.3440000000005,3506.533,0.02,0.02
30.03.2021 08:53:45.450 GMT+0100,3511.426,3505.6150000000002,0.02,0.02
30.03.2021 08:53:46.816 GMT+0100,3511.3440000000005,3506.5740000000005,0.02,0.0075
30.03.2021 08:53:50.287 GMT+0100,3510.5490000000004,3505.738,0.02,0.02
30.03.2021 08:54:18.095 GMT+0100,3510.303,3504.533,0.02,0.02
30.03.2021 08:54:18.145 GMT+0100,3509.221,3503.492,0.02,0.02
30.03.2021 08:54:18.325 GMT+0100,3508.3440000000005,3502.492,0.02,0.02
30.03.2021 08:54:31.792 GMT+0100,3505.508,3503,0.0075,0.0075
30.03.2021 08:54:31.842 GMT+0100,3505.5490000000004,3502,0.02,0.02
30.03.2021 08:54:31.893 GMT+0100,3505.385,3501,0.02,0.02
30.03.2021 08:54:33.598 GMT+0100,3506.385,3501.533,0.02,0.0075
30.03.2021 08:54:36.314 GMT+0100,3506.262,3500.738,0.02,0.02
30.03.2021 08:54:36.467 GMT+0100,3504.221,3500.7790000000005,0.02,0.02
30.03.2021 08:54:36.795 GMT+0100,3504.426,3499.492,0.02,0.02
30.03.2021 08:54:39.328 GMT+0100,3508.3440000000005,3503.7790000000005,0.02,0.02
30.03.2021 08:54:39.378 GMT+0100,3508.303,3502.7790000000005,0.02,0.02
30.03.2021 08:54:39.478 GMT+0100,3506.303,3501.656,0.02,0.02
30.03.2021 08:54:39.529 GMT+0100,3507.303,3501.656,0.02,0.02
30.03.2021 08:54:39.600 GMT+0100,3508.303,3502.7790000000005,0.02,0.02
30.03.2021 08:54:40.757 GMT+0100,3508.221,3503.6150000000002,0.02,0.0075
30.03.2021 08:54:48.344 GMT+0100,3508,3502.5740000000005,0.02,0.02
30.03.2021 08:54:48.888 GMT+0100,3507,3502.6150000000002,0.0075,0.02
30.03.2021 08:54:51.048 GMT+0100,3508.3440000000005,3502.7790000000005,0.02,0.02
30.03.2021 08:54:54.600 GMT+0100,3507,3502.6150000000002,0.0075,0.02
30.03.2021 08:54:59.021 GMT+0100,3505.5490000000004,3500.492,0.02,0.02
30.03.2021 08:54:59.168 GMT+0100,3506.385,3500.7790000000005,0.02,0.02
30.03.2021 08:55:06.907 GMT+0100,3503.467,3500.82,0.0075,0.0075
30.03.2021 08:55:06.958 GMT+0100,3503.426,3499.492,0.02,0.02
30.03.2021 08:55:13.051 GMT+0100,3503.1800000000003,3496.6150000000002,0.02,0.02
30.03.2021 08:55:13.101 GMT+0100,3503.221,3498,0.02,0.02
30.03.2021 08:55:16.000 GMT+0100,3503.221,3498.6150000000002,0.02,0.0075
30.03.2021 08:55:18.518 GMT+0100,3503.467,3497.492,0.02,0.02
30.03.2021 08:55:19.023 GMT+0100,3503.385,3499,0.02,0.02
30.03.2021 08:55:22.854 GMT+0100,3503.3440000000005,3497.738,0.02,0.02
30.03.2021 08:55:32.604 GMT+0100,3502.3440000000005,3496.656,0.02,0.02
30.03.2021 08:55:32.712 GMT+0100,3501.5490000000004,3496.738,0.0075,0.02
30.03.2021 08:55:34.687 GMT+0100,3501.508,3495.82,0.02,0.02
30.03.2021 08:55:39.006 GMT+0100,3501.385,3496.451,0.02,0.02
30.03.2021 08:55:42.804 GMT+0100,3501.5490000000004,3494.656,0.02,0.02
30.03.2021 08:55:42.904 GMT+0100,3500.303,3494.738,0.02,0.02
30.03.2021 08:55:50.816 GMT+0100,3499.508,3494.697,0.0075,0.0075
30.03.2021 08:55:50.866 GMT+0100,3498.303,3492.6150000000002,0.02,0.02
30.03.2021 08:55:51.279 GMT+0100,3497.262,3492.451,0.0075,0.02
30.03.2021 08:55:52.847 GMT+0100,3497.221,3491.533,0.02,0.02
30.03.2021 08:55:53.814 GMT+0100,3497.5490000000004,3492.492,0.02,0.0075
30.03.2021 08:55:54.922 GMT+0100,3497.3440000000005,3491.6150000000002,0.02,0.02
30.03.2021 08:55:54.972 GMT+0100,3497.1800000000003,3493,0.02,0.02
30.03.2021 08:55:58.553 GMT+0100,3497,3491.7790000000005,0.02,0.02
30.03.2021 08:55:58.603 GMT+0100,3497.262,3493,0.02,0.02
30.03.2021 08:55:59.991 GMT+0100,3497.426,3490.5740000000005,0.02,0.02
30.03.2021 08:56:00.670 GMT+0100,3494.1800000000003,3489.656,0.02,0.02
30.03.2021 08:56:00.797 GMT+0100,3495.385,3489.5740000000005,0.02,0.02
30.03.2021 08:56:01.229 GMT+0100,3497.221,3490.533,0.02,0.02
30.03.2021 08:56:13.325 GMT+0100,3497.508,3492.451,0.02,0.02
30.03.2021 08:56:24.557 GMT+0100,3497.508,3491.5740000000005,0.02,0.02
30.03.2021 08:56:26.246 GMT+0100,3497.5490000000004,3492.533,0.02,0.0075
30.03.2021 08:57:05.212 GMT+0100,3497.5490000000004,3491.6150000000002,0.02,0.02
30.03.2021 08:57:05.716 GMT+0100,3497.262,3492.5740000000005,0.02,0.02
30.03.2021 08:57:17.666 GMT+0100,3497.1800000000003,3491.6150000000002,0.02,0.02
30.03.2021 08:57:19.540 GMT+0100,3497.262,3492.82,0.02,0.02
30.03.2021 08:57:23.543 GMT+0100,3497.5490000000004,3492,0.02,0.02
30.03.2021 08:57:25.200 GMT+0100,3497,3492.5740000000005,0.02,0.0075
30.03.2021 08:57:54.771 GMT+0100,3497.303,3493.492,0.02,0.02
30.03.2021 08:57:54.872 GMT+0100,3500.1800000000003,3496.5740000000005,0.02,0.02
30.03.2021 08:57:56.507 GMT+0100,3500.5490000000004,3495.82,0.02,0.02
30.03.2021 08:57:57.076 GMT+0100,3499.385,3495.492,0.0075,0.0075
30.03.2021 08:57:57.126 GMT+0100,3499.221,3494.533,0.02,0.02
30.03.2021 08:57:57.200 GMT+0100,3500.508,3494.82,0.02,0.02
30.03.2021 08:58:43.240 GMT+0100,3500.1800000000003,3495.656,0.02,0.0075
30.03.2021 08:58:57.025 GMT+0100,3500.262,3496.6150000000002,0.02,0.0075
30.03.2021 08:58:57.250 GMT+0100,3501.303,3496.656,0.02,0.02
30.03.2021 08:58:58.804 GMT+0100,3501.303,3495.697,0.02,0.02
30.03.2021 08:59:25.489 GMT+0100,3501.221,3496.7790000000005,0.02,0.0075
30.03.2021 08:59:25.539 GMT+0100,3501.262,3495.533,0.02,0.02
30.03.2021 08:59:33.507 GMT+0100,3501.5490000000004,3496.697,0.02,0.02
30.03.2021 08:59:45.011 GMT+0100,3503.467,3497.5740000000005,0.02,0.02
30.03.2021 08:59:55.204 GMT+0100,3502.5490000000004,3497.7790000000005,0.0075,0.02
30.03.2021 08:59:55.325 GMT+0100,3501.5490000000004,3497.82,0.0075,0.02
30.03.2021 09:00:26.780 GMT+0100,3503.262,3497.738,0.02,0.02
30.03.2021 09:00:38.586 GMT+0100,3503.426,3498.5740000000005,0.02,0.02
30.03.2021 09:00:38.687 GMT+0100,3505.5490000000004,3499.492,0.02,0.02
30.03.2021 09:00:38.821 GMT+0100,3506.508,3499.492,0.02,0.02
30.03.2021 09:00:40.441 GMT+0100,3506.385,3501.6150000000002,0.02,0.0075
30.03.2021 09:00:40.709 GMT+0100,3505.5490000000004,3501.6150000000002,0.02,0.02
30.03.2021 09:00:42.058 GMT+0100,3505.221,3501,0.02,0.02
30.03.2021 09:00:44.000 GMT+0100,3505.5490000000004,3502,0.02,0.0075
30.03.2021 09:00:46.342 GMT+0100,3505.303,3501,0.02,0.02
30.03.2021 09:00:48.684 GMT+0100,3505.508,3501.656,0.02,0.02
30.03.2021 09:00:54.050 GMT+0100,3506.221,3501.697,0.02,0.02
30.03.2021 09:00:58.920 GMT+0100,3507.426,3502,0.02,0.02
30.03.2021 09:00:59.262 GMT+0100,3506,3501.656,0.02,0.02
30.03.2021 09:01:19.775 GMT+0100,3506.508,3502.5740000000005,0.02,0.02
30.03.2021 09:01:19.886 GMT+0100,3509.303,3502.451,0.02,0.02
30.03.2021 09:01:21.192 GMT+0100,3509.221,3504.738,0.02,0.0075
30.03.2021 09:01:21.292 GMT+0100,3509.3440000000005,3504,0.02,0.02
30.03.2021 09:01:21.733 GMT+0100,3509.426,3504.7790000000005,0.02,0.0075
30.03.2021 09:01:23.324 GMT+0100,3507.303,3504.5740000000005,0.02,0.02
30.03.2021 09:01:36.538 GMT+0100,3508.3440000000005,3505,0.02,0.02
30.03.2021 09:02:05.549 GMT+0100,3509.426,3504.656,0.02,0.02
30.03.2021 09:02:05.649 GMT+0100,3508.262,3505,0.02,0.02
30.03.2021 09:02:08.250 GMT+0100,3507.303,3504.6150000000002,0.02,0.02
30.03.2021 09:02:10.255 GMT+0100,3507.426,3501.5740000000005,0.02,0.02
30.03.2021 09:02:10.305 GMT+0100,3508,3502.5740000000005,0.02,0.02
30.03.2021 09:02:10.355 GMT+0100,3508.3440000000005,3501.738,0.02,0.02
30.03.2021 09:02:10.450 GMT+0100,3508.262,3502.6150000000002,0.02,0.0075
30.03.2021 09:02:10.841 GMT+0100,3507.262,3502.697,0.0075,0.02
30.03.2021 09:02:18.678 GMT+0100,3506.1800000000003,3502.82,0.0075,0.0075
30.03.2021 09:02:18.728 GMT+0100,3506.262,3501.451,0.02,0.02
30.03.2021 09:02:19.843 GMT+0100,3506,3502.492,0.02,0.0075
30.03.2021 09:02:21.992 GMT+0100,3506.426,3501.533,0.02,0.02
30.03.2021 09:02:22.042 GMT+0100,3506.1800000000003,3502.533,0.02,0.02
30.03.2021 09:02:24.023 GMT+0100,3506.426,3503.533,0.02,0.0075
30.03.2021 09:02:47.146 GMT+0100,3507.1800000000003,3502.738,0.02,0.02
30.03.2021 09:02:57.815 GMT+0100,3506.303,3502.7790000000005,0.02,0.02
30.03.2021 09:02:57.924 GMT+0100,3507.467,3502.7790000000005,0.02,0.02
30.03.2021 09:02:58.911 GMT+0100,3507.5490000000004,3503.6150000000002,0.02,0.02
30.03.2021 09:02:59.732 GMT+0100,3507.426,3502.738,0.02,0.02
30.03.2021 09:03:00.558 GMT+0100,3507.262,3503.82,0.02,0.0075
30.03.2021 09:03:01.048 GMT+0100,3507.3440000000005,3502.6150000000002,0.02,0.02
30.03.2021 09:03:11.314 GMT+0100,3507.3440000000005,3502,0.02,0.02
30.03.2021 09:03:11.646 GMT+0100,3507.426,3502.6150000000002,0.02,0.02
30.03.2021 09:03:39.148 GMT+0100,3506.1800000000003,3502.451,0.02,0.02
30.03.2021 09:04:02.874 GMT+0100,3505.3440000000005,3502.6150000000002,0.02,0.02
30.03.2021 09:04:03.123 GMT+0100,3506.467,3502.697,0.02,0.02
30.03.2021 09:04:03.244 GMT+0100,3505.303,3502.6150000000002,0.0075,0.02
30.03.2021 09:04:03.344 GMT+0100,3506.303,3502.656,0.02,0.02
30.03.2021 09:04:20.216 GMT+0100,3505.426,3502.533,0.0075,0.02
30.03.2021 09:04:23.057 GMT+0100,3505.262,3501.656,0.02,0.02
30.03.2021 09:04:23.157 GMT+0100,3504.467,3499.6150000000002,0.02,0.02
30.03.2021 09:04:23.258 GMT+0100,3504.303,3498.492,0.02,0.02
30.03.2021 09:04:23.359 GMT+0100,3505.385,3498.533,0.02,0.02
30.03.2021 09:04:23.698 GMT+0100,3505.221,3499.533,0.02,0.02
30.03.2021 09:04:26.576 GMT+0100,3505.3440000000005,3498.533,0.02,0.02
30.03.2021 09:04:27.119 GMT+0100,3505.5490000000004,3499.451,0.02,0.0075
30.03.2021 09:04:30.267 GMT+0100,3505.5490000000004,3498.492,0.02,0.02
30.03.2021 09:04:30.816 GMT+0100,3505.3440000000005,3499.6150000000002,0.02,0.0075
30.03.2021 09:04:37.808 GMT+0100,3503.303,3499.7790000000005,0.0075,0.02
30.03.2021 09:04:42.653 GMT+0100,3503,3498.533,0.02,0.02
30.03.2021 09:04:42.837 GMT+0100,3503.508,3500,0.02,0.0075
30.03.2021 09:04:47.088 GMT+0100,3503.262,3498.5740000000005,0.02,0.02
30.03.2021 09:04:47.744 GMT+0100,3503.303,3497.656,0.02,0.02
30.03.2021 09:04:48.960 GMT+0100,3503.426,3498.533,0.02,0.02
30.03.2021 09:04:50.328 GMT+0100,3502.262,3498.82,0.02,0.02
30.03.2021 09:04:51.067 GMT+0100,3501.303,3498.492,0.0075,0.02
30.03.2021 09:04:52.686 GMT+0100,3502.221,3498.5740000000005,0.02,0.02
30.03.2021 09:05:36.925 GMT+0100,3501.262,3498.533,0.02,0.02
30.03.2021 09:05:37.141 GMT+0100,3502,3498.738,0.02,0.02
30.03.2021 09:05:52.698 GMT+0100,3502.1800000000003,3499.697,0.02,0.0075
30.03.2021 09:05:53.306 GMT+0100,3502.385,3498.5740000000005,0.02,0.02
30.03.2021 09:06:15.400 GMT+0100,3502.221,3499.6150000000002,0.0075,0.0075
30.03.2021 09:06:15.451 GMT+0100,3503.221,3499.5740000000005,0.02,0.02
30.03.2021 09:06:22.612 GMT+0100,3502,3500,0.0075,0.02
30.03.2021 09:06:37.414 GMT+0100,3502.262,3500.738,0.02,0.0075
30.03.2021 09:06:47.658 GMT+0100,3502,3498.451,0.02,0.02
30.03.2021 09:07:27.080 GMT+0100,3500.385,3498.6150000000002,0.0075,0.02
30.03.2021 09:07:37.394 GMT+0100,3503.467,3499,0.02,0.02
30.03.2021 09:07:40.974 GMT+0100,3502.262,3498.738,0.02,0.02
30.03.2021 09:07:42.271 GMT+0100,3503,3498.656,0.02,0.02
30.03.2021 09:07:44.948 GMT+0100,3502,3498.82,0.02,0.02
30.03.2021 09:07:49.534 GMT+0100,3503.467,3498.738,0.02,0.02
30.03.2021 09:08:32.275 GMT+0100,3504.3440000000005,3499.697,0.02,0.02
30.03.2021 09:08:33.497 GMT+0100,3503.221,3499.6150000000002,0.02,0.02
30.03.2021 09:09:00.247 GMT+0100,3504.1800000000003,3499.82,0.02,0.02
30.03.2021 09:09:00.850 GMT+0100,3505.1800000000003,3500.656,0.02,0.02
30.03.2021 09:09:05.278 GMT+0100,3504.221,3500.6150000000002,0.0075,0.02
30.03.2021 09:09:05.328 GMT+0100,3505.221,3500.6150000000002,0.02,0.02
30.03.2021 09:09:13.298 GMT+0100,3504.262,3500.7790000000005,0.0075,0.02
30.03.2021 09:09:13.399 GMT+0100,3505,3500.82,0.02,0.02
30.03.2021 09:09:14.080 GMT+0100,3504.3440000000005,3500.656,0.02,0.02
30.03.2021 09:09:14.836 GMT+0100,3505.262,3500.5740000000005,0.02,0.02
30.03.2021 09:09:19.029 GMT+0100,3504.385,3500.738,0.0075,0.02
30.03.2021 09:09:23.630 GMT+0100,3505.3440000000005,3500.5740000000005,0.02,0.02
30.03.2021 09:10:03.406 GMT+0100,3506,3502.492,0.02,0.02
30.03.2021 09:10:03.514 GMT+0100,3506,3500.7790000000005,0.02,0.02
30.03.2021 09:10:03.765 GMT+0100,3506.5490000000004,3502,0.02,0.02
30.03.2021 09:10:04.600 GMT+0100,3505.303,3501.6150000000002,0.0075,0.02
30.03.2021 09:10:07.874 GMT+0100,3505.508,3499.656,0.02,0.02
30.03.2021 09:10:10.344 GMT+0100,3504.262,3499.6150000000002,0.0075,0.02
30.03.2021 09:10:10.444 GMT+0100,3505.5490000000004,3499.533,0.02,0.02
30.03.2021 09:10:11.482 GMT+0100,3503.426,3499.451,0.0075,0.02
30.03.2021 09:10:11.533 GMT+0100,3503,3498.738,0.02,0.02
30.03.2021 09:10:13.613 GMT+0100,3503,3499.82,0.02,0.0075
30.03.2021 09:10:25.540 GMT+0100,3503.3440000000005,3500.492,0.0075,0.0075
30.03.2021 09:10:25.591 GMT+0100,3505.221,3500.492,0.02,0.02
30.03.2021 09:10:29.234 GMT+0100,3505.221,3499.6150000000002,0.02,0.02
30.03.2021 09:10:29.284 GMT+0100,3504.426,3499.7790000000005,0.02,0.02
30.03.2021 09:10:49.304 GMT+0100,3505.262,3499.7790000000005,0.02,0.02
30.03.2021 09:10:49.382 GMT+0100,3504.262,3499.6150000000002,0.0075,0.02
30.03.2021 09:10:50.517 GMT+0100,3505,3499.656,0.02,0.02
30.03.2021 09:11:09.154 GMT+0100,3505.3440000000005,3500.492,0.02,0.0075
30.03.2021 09:11:13.800 GMT+0100,3504.508,3500.697,0.0075,0.02
30.03.2021 09:11:14.042 GMT+0100,3505.467,3500.7790000000005,0.02,0.02
30.03.2021 09:11:14.654 GMT+0100,3505,3499.656,0.02,0.02
30.03.2021 09:11:18.542 GMT+0100,3505.3440000000005,3500.7790000000005,0.02,0.02
30.03.2021 09:11:22.643 GMT+0100,3505,3499.697,0.02,0.02
30.03.2021 09:11:49.658 GMT+0100,3504.303,3499.533,0.0075,0.02
30.03.2021 09:11:55.024 GMT+0100,3505.221,3499.451,0.02,0.02
30.03.2021 09:11:57.705 GMT+0100,3504.262,3499.533,0.0075,0.02
30.03.2021 09:11:58.150 GMT+0100,3505.385,3499.492,0.02,0.02
30.03.2021 09:11:59.019 GMT+0100,3505.385,3500.7790000000005,0.02,0.0075
30.03.2021 09:12:07.450 GMT+0100,3505.303,3499.656,0.02,0.02
30.03.2021 09:12:32.032 GMT+0100,3505.385,3500.656,0.02,0.0075
30.03.2021 09:12:56.837 GMT+0100,3504.426,3500.82,0.02,0.02
30.03.2021 09:13:00.468 GMT+0100,3505.508,3500.738,0.02,0.02
30.03.2021 09:13:06.714 GMT+0100,3504.1800000000003,3500.738,0.02,0.02
30.03.2021 09:13:42.492 GMT+0100,3505.303,3500.697,0.02,0.02
30.03.2021 09:14:08.065 GMT+0100,3502.426,3500.697,0.0075,0.0075
30.03.2021 09:14:08.115 GMT+0100,3502.303,3497,0.02,0.02
30.03.2021 09:14:08.166 GMT+0100,3501.303,3495.697,0.02,0.02
30.03.2021 09:14:09.421 GMT+0100,3500.3440000000005,3495.6150000000002,0.0075,0.0075
30.03.2021 09:14:09.471 GMT+0100,3500.303,3494.697,0.02,0.02
30.03.2021 09:14:09.924 GMT+0100,3499.303,3494.82,0.02,0.02
30.03.2021 09:14:11.075 GMT+0100,3499.221,3496,0.02,0.0075
30.03.2021 09:14:34.309 GMT+0100,3499.467,3494.656,0.02,0.02
30.03.2021 09:14:34.757 GMT+0100,3497.221,3495,0.02,0.02
30.03.2021 09:14:34.866 GMT+0100,3498.508,3493.656,0.02,0.02
30.03.2021 09:14:34.917 GMT+0100,3499.3440000000005,3493.7790000000005,0.02,0.02
30.03.2021 09:14:34.970 GMT+0100,3499.385,3494.82,0.02,0.0075
30.03.2021 09:14:36.155 GMT+0100,3499.426,3494,0.02,0.02
30.03.2021 09:14:36.420 GMT+0100,3499.467,3494.7790000000005,0.02,0.0075
30.03.2021 09:14:39.182 GMT+0100,3499.1800000000003,3493.656,0.02,0.02
30.03.2021 09:14:39.233 GMT+0100,3499.508,3494.697,0.02,0.02
30.03.2021 09:14:39.283 GMT+0100,3499.426,3493.697,0.02,0.02
30.03.2021 09:14:39.524 GMT+0100,3499.508,3494.6150000000002,0.02,0.02
30.03.2021 09:15:02.330 GMT+0100,3499.303,3495.451,0.02,0.0075
30.03.2021 09:15:44.679 GMT+0100,3499.3440000000005,3496.6150000000002,0.02,0.0075
30.03.2021 09:16:54.136 GMT+0100,3500.262,3496.82,0.01,0.01
30.03.2021 09:16:54.237 GMT+0100,3504.303,3498.5740000000005,0.02,0.02
30.03.2021 09:16:54.416 GMT+0100,3503.467,3498.7790000000005,0.0075,0.02
30.03.2021 09:16:55.012 GMT+0100,3503.1800000000003,3499.738,0.0075,0.0075
30.03.2021 09:16:55.062 GMT+0100,3504.467,3499.697,0.02,0.02
30.03.2021 09:16:57.142 GMT+0100,3503.385,3499.82,0.02,0.02
30.03.2021 09:17:38.092 GMT+0100,3505.262,3500.533,0.02,0.02
30.03.2021 09:17:38.143 GMT+0100,3504.426,3499.5740000000005,0.02,0.02
30.03.2021 09:17:43.608 GMT+0100,3505.385,3499.697,0.02,0.02
30.03.2021 09:17:44.107 GMT+0100,3505.262,3500.697,0.02,0.0075
30.03.2021 09:18:12.701 GMT+0100,3504.303,3500.5740000000005,0.0075,0.02
30.03.2021 09:18:41.249 GMT+0100,3501.221,3498.656,0.02,0.02
30.03.2021 09:18:42.056 GMT+0100,3503,3498.5740000000005,0.02,0.02
30.03.2021 09:18:42.400 GMT+0100,3502.508,3498.82,0.0075,0.0075
30.03.2021 09:18:42.450 GMT+0100,3502.426,3498,0.02,0.02
30.03.2021 09:18:43.552 GMT+0100,3501.3440000000005,3497.82,0.0075,0.0075
30.03.2021 09:18:43.602 GMT+0100,3501.5490000000004,3496.82,0.02,0.02
30.03.2021 09:18:44.000 GMT+0100,3500.467,3496.451,0.0075,0.02
30.03.2021 09:19:04.390 GMT+0100,3500.5490000000004,3494.82,0.02,0.02
30.03.2021 09:19:04.441 GMT+0100,3500.426,3495.451,0.02,0.02
30.03.2021 09:19:31.849 GMT+0100,3500.385,3496.656,0.02,0.02
30.03.2021 09:19:41.385 GMT+0100,3500,3495.656,0.02,0.02
30.03.2021 09:20:09.820 GMT+0100,3499.262,3495.82,0.0075,0.0075
30.03.2021 09:20:09.870 GMT+0100,3499.221,3494.697,0.02,0.02
30.03.2021 09:20:13.838 GMT+0100,3500.303,3494.7790000000005,0.02,0.02
30.03.2021 09:20:21.332 GMT+0100,3500.1800000000003,3495.656,0.02,0.0075
30.03.2021 09:20:51.931 GMT+0100,3499.1800000000003,3495.697,0.0075,0.02
30.03.2021 09:20:55.714 GMT+0100,3499.467,3494.697,0.02,0.02
30.03.2021 09:21:39.552 GMT+0100,3499.303,3493.5740000000005,0.02,0.02
30.03.2021 09:21:53.295 GMT+0100,3498.508,3493.7790000000005,0.0075,0.02
30.03.2021 09:21:58.041 GMT+0100,3498.303,3494.533,0.0075,0.0075
30.03.2021 09:21:58.091 GMT+0100,3499.303,3495,0.02,0.02
30.03.2021 09:22:00.455 GMT+0100,3499.467,3493.492,0.02,0.02
30.03.2021 09:22:14.177 GMT+0100,3498.5490000000004,3493.7790000000005,0.0075,0.02
30.03.2021 09:22:19.438 GMT+0100,3497.3440000000005,3493.82,0.0075,0.0075
30.03.2021 09:22:19.488 GMT+0100,3497.508,3491.697,0.02,0.02
30.03.2021 09:22:31.412 GMT+0100,3496.385,3491.5740000000005,0.0075,0.02
30.03.2021 09:22:31.463 GMT+0100,3496.303,3490.82,0.02,0.02
30.03.2021 09:22:31.513 GMT+0100,3496.426,3491.451,0.02,0.02
30.03.2021 09:22:31.650 GMT+0100,3496.467,3490.7790000000005,0.02,0.02
30.03.2021 09:22:33.140 GMT+0100,3494.467,3490.697,0.0075,0.0075
30.03.2021 09:22:33.190 GMT+0100,3494.5490000000004,3489.6150000000002,0.02,0.02
30.03.2021 09:22:33.241 GMT+0100,3493.5490000000004,3487.492,0.02,0.02
30.03.2021 09:22:44.479 GMT+0100,3492.508,3488,0.0075,0.02
30.03.2021 09:23:13.073 GMT+0100,3492.426,3488.5740000000005,0.02,0.0075
30.03.2021 09:23:33.946 GMT+0100,3492,3487.6150000000002,0.02,0.02
30.03.2021 09:23:46.541 GMT+0100,3490.221,3487.7790000000005,0.0075,0.0075
30.03.2021 09:23:46.591 GMT+0100,3490.5490000000004,3484.6150000000002,0.02,0.02
30.03.2021 09:23:46.641 GMT+0100,3489.467,3484.7790000000005,0.02,0.02
30.03.2021 09:23:47.140 GMT+0100,3488,3484.6150000000002,0.02,0.02
30.03.2021 09:23:47.562 GMT+0100,3488.385,3483.492,0.02,0.02
30.03.2021 09:24:05.925 GMT+0100,3488.303,3482.738,0.02,0.02
30.03.2021 09:24:06.026 GMT+0100,3488.3440000000005,3481.6150000000002,0.02,0.02
30.03.2021 09:24:09.212 GMT+0100,3488,3482.6150000000002,0.02,0.02
30.03.2021 09:24:10.404 GMT+0100,3488.1800000000003,3483.82,0.02,0.0075
30.03.2021 09:25:18.197 GMT+0100,3488.426,3481.6150000000002,0.02,0.02
30.03.2021 09:25:18.247 GMT+0100,3486.5490000000004,3481.5740000000005,0.02,0.02
30.03.2021 09:25:20.244 GMT+0100,3486.1800000000003,3482.697,0.02,0.0075
30.03.2021 09:25:20.295 GMT+0100,3486.467,3481.656,0.02,0.02
30.03.2021 09:25:21.089 GMT+0100,3485.1800000000003,3481.451,0.0075,0.02
30.03.2021 09:25:31.262 GMT+0100,3486.262,3482,0.02,0.02
30.03.2021 09:25:31.313 GMT+0100,3487.3440000000005,3481.82,0.02,0.02
30.03.2021 09:25:32.289 GMT+0100,3487.262,3482.451,0.0075,0.0075
30.03.2021 09:25:32.339 GMT+0100,3488.5490000000004,3483,0.02,0.02
30.03.2021 09:25:40.081 GMT+0100,3487.5490000000004,3482.533,0.0075,0.02
30.03.2021 09:25:43.758 GMT+0100,3488.262,3482.533,0.02,0.02
30.03.2021 09:25:43.854 GMT+0100,3487,3482.7790000000005,0.02,0.02
30.03.2021 09:26:06.712 GMT+0100,3487.467,3483.533,0.02,0.02
30.03.2021 09:26:06.762 GMT+0100,3488,3483.451,0.02,0.02
30.03.2021 09:26:31.794 GMT+0100,3488.467,3482.5740000000005,0.02,0.02
30.03.2021 09:26:45.271 GMT+0100,3487.467,3482.6150000000002,0.0075,0.02
30.03.2021 09:26:46.332 GMT+0100,3488.1800000000003,3482.533,0.02,0.02
30.03.2021 09:26:49.829 GMT+0100,3488.1800000000003,3483.451,0.02,0.02
30.03.2021 09:26:50.861 GMT+0100,3488.221,3484.451,0.02,0.0075
30.03.2021 09:26:55.041 GMT+0100,3488.3440000000005,3485.656,0.0075,0.0075
30.03.2021 09:26:55.092 GMT+0100,3491.1800000000003,3486.451,0.02,0.02
30.03.2021 09:26:56.875 GMT+0100,3491,3487.492,0.02,0.0075
30.03.2021 09:26:59.903 GMT+0100,3492.385,3488.451,0.02,0.02
30.03.2021 09:27:15.675 GMT+0100,3493.467,3488.451,0.02,0.02
30.03.2021 09:27:19.992 GMT+0100,3494.508,3489.533,0.02,0.02
30.03.2021 09:27:23.029 GMT+0100,3492.262,3489.697,0.0075,0.0075
30.03.2021 09:27:23.079 GMT+0100,3492,3487.5740000000005,0.02,0.02
30.03.2021 09:27:25.043 GMT+0100,3493.385,3487.6150000000002,0.02,0.02
30.03.2021 09:27:25.093 GMT+0100,3492.221,3486.82,0.02,0.02
30.03.2021 09:27:25.144 GMT+0100,3493.262,3486.451,0.02,0.02
30.03.2021 09:27:26.056 GMT+0100,3493,3487.656,0.02,0.02
30.03.2021 09:27:38.893 GMT+0100,3493.221,3488.656,0.02,0.0075
30.03.2021 09:27:39.047 GMT+0100,3494.221,3488.7790000000005,0.02,0.02
30.03.2021 09:27:43.004 GMT+0100,3493.303,3488.82,0.0075,0.0075
30.03.2021 09:27:43.054 GMT+0100,3493,3487.533,0.02,0.02
30.03.2021 09:27:43.913 GMT+0100,3493.508,3488.697,0.02,0.0075
30.03.2021 09:27:52.543 GMT+0100,3494.5490000000004,3489,0.02,0.02
30.03.2021 09:28:05.187 GMT+0100,3495.508,3489.6150000000002,0.02,0.02
30.03.2021 09:28:18.583 GMT+0100,3495.426,3490.7790000000005,0.02,0.02
30.03.2021 09:28:18.634 GMT+0100,3497.303,3491.82,0.02,0.02
30.03.2021 09:28:22.998 GMT+0100,3497.3440000000005,3492.738,0.02,0.0075
30.03.2021 09:28:23.098 GMT+0100,3498.385,3492.656,0.02,0.02
30.03.2021 09:28:23.148 GMT+0100,3497.5490000000004,3492.5740000000005,0.02,0.02
30.03.2021 09:28:29.212 GMT+0100,3497,3493.6150000000002,0.0075,0.0075
30.03.2021 09:28:29.262 GMT+0100,3499.221,3493.7790000000005,0.02,0.02
30.03.2021 09:28:51.486 GMT+0100,3499.221,3494.7790000000005,0.02,0.02
30.03.2021 09:28:51.983 GMT+0100,3498.303,3493.656,0.0075,0.02
30.03.2021 09:28:52.033 GMT+0100,3499.426,3493.697,0.02,0.02
30.03.2021 09:29:18.533 GMT+0100,3500.1800000000003,3493.738,0.02,0.02
30.03.2021 09:29:24.421 GMT+0100,3500.303,3494.82,0.02,0.0075
30.03.2021 09:29:35.220 GMT+0100,3500,3495.6150000000002,0.0075,0.0075
30.03.2021 09:29:35.270 GMT+0100,3501,3495.656,0.02,0.02
30.03.2021 09:29:36.400 GMT+0100,3501.385,3496.738,0.02,0.0075
30.03.2021 09:29:38.052 GMT+0100,3500.426,3496.697,0.02,0.02
30.03.2021 09:29:38.103 GMT+0100,3501.467,3496.451,0.02,0.02
30.03.2021 09:29:38.907 GMT+0100,3500.221,3496.6150000000002,0.0075,0.02
30.03.2021 09:29:42.066 GMT+0100,3500.508,3494.451,0.02,0.02
30.03.2021 09:29:50.973 GMT+0100,3500.5490000000004,3495.6150000000002,0.02,0.02
30.03.2021 09:30:07.020 GMT+0100,3501.467,3495.697,0.02,0.02
30.03.2021 09:30:20.533 GMT+0100,3499.262,3495.5740000000005,0.0075,0.0075
30.03.2021 09:30:20.584 GMT+0100,3499.303,3493.6150000000002,0.02,0.02
30.03.2021 09:30:21.808 GMT+0100,3498.426,3493.6150000000002,0.0075,0.02
30.03.2021 09:30:27.741 GMT+0100,3497.426,3491.656,0.02,0.02
30.03.2021 09:30:27.900 GMT+0100,3497.262,3492.697,0.02,0.02
30.03.2021 09:31:07.589 GMT+0100,3498.385,3493.738,0.02,0.02
30.03.2021 09:31:09.728 GMT+0100,3497.508,3492.656,0.02,0.02
30.03.2021 09:31:13.074 GMT+0100,3497.467,3494,0.0075,0.0075
30.03.2021 09:31:13.126 GMT+0100,3498.426,3493.533,0.02,0.02
30.03.2021 09:31:17.681 GMT+0100,3497.262,3493.533,0.0075,0.0075
30.03.2021 09:31:17.731 GMT+0100,3497.467,3492.7790000000005,0.02,0.02
30.03.2021 09:31:56.252 GMT+0100,3497.385,3493.7790000000005,0.0075,0.0075
30.03.2021 09:31:56.303 GMT+0100,3498.467,3493.7790000000005,0.02,0.02
30.03.2021 09:32:20.680 GMT+0100,3497.221,3493.697,0.0075,0.0075
30.03.2021 09:32:20.730 GMT+0100,3497,3492.738,0.02,0.02
30.03.2021 09:32:26.052 GMT+0100,3497.221,3493.697,0.0075,0.0075
30.03.2021 09:32:26.103 GMT+0100,3498.5490000000004,3493.492,0.02,0.02
30.03.2021 09:32:28.298 GMT+0100,3497,3492.533,0.02,0.02
30.03.2021 09:32:40.193 GMT+0100,3495.5490000000004,3492.533,0.0075,0.0075
30.03.2021 09:32:40.243 GMT+0100,3495.303,3490.5740000000005,0.02,0.02
30.03.2021 09:32:41.288 GMT+0100,3496.303,3490.533,0.02,0.02
30.03.2021 09:32:53.017 GMT+0100,3496.385,3491.656,0.02,0.0075
30.03.2021 09:32:53.604 GMT+0100,3495.467,3491.451,0.0075,0.0075
30.03.2021 09:32:53.655 GMT+0100,3495.221,3490.738,0.02,0.02
30.03.2021 09:33:30.941 GMT+0100,3493.5490000000004,3491,0.0075,0.0075
30.03.2021 09:33:30.991 GMT+0100,3493,3488.7790000000005,0.02,0.02
30.03.2021 09:33:31.092 GMT+0100,3494.262,3488.7790000000005,0.02,0.02
30.03.2021 09:33:45.600 GMT+0100,3493.221,3488.5740000000005,0.02,0.02
30.03.2021 09:34:42.067 GMT+0100,3494.467,3488.697,0.02,0.02
30.03.2021 09:34:48.412 GMT+0100,3493.3440000000005,3488.451,0.02,0.02
30.03.2021 09:35:08.862 GMT+0100,3494.385,3490,0.02,0.02
30.03.2021 09:35:18.465 GMT+0100,3493.221,3488.697,0.02,0.02
30.03.2021 09:35:45.223 GMT+0100,3491.508,3488.533,0.0075,0.0075
30.03.2021 09:35:45.274 GMT+0100,3491.508,3485.697,0.02,0.02
30.03.2021 09:35:45.436 GMT+0100,3489.221,3483.697,0.02,0.02
30.03.2021 09:35:45.633 GMT+0100,3486.1800000000003,3480.697,0.02,0.02
30.03.2021 09:35:48.241 GMT+0100,3485.5490000000004,3481.656,0.02,0.0075
30.03.2021 09:35:51.851 GMT+0100,3485,3483,0.0075,0.0075
30.03.2021 09:35:51.901 GMT+0100,3488,3482.533,0.02,0.02
30.03.2021 09:35:52.002 GMT+0100,3489.385,3482.5740000000005,0.02,0.02
30.03.2021 09:35:53.933 GMT+0100,3488.5490000000004,3482.738,0.02,0.02
30.03.2021 09:35:56.991 GMT+0100,3489.262,3482.5740000000005,0.02,0.02
30.03.2021 09:35:59.207 GMT+0100,3489.1800000000003,3484.492,0.02,0.0075
30.03.2021 09:35:59.308 GMT+0100,3488.262,3484.7790000000005,0.02,0.02
30.03.2021 09:36:25.598 GMT+0100,3487.426,3482.82,0.02,0.02
30.03.2021 09:36:25.654 GMT+0100,3487.3440000000005,3481.533,0.02,0.02
30.03.2021 09:36:27.753 GMT+0100,3488,3482.738,0.02,0.02
30.03.2021 09:36:28.335 GMT+0100,3487.221,3482.6150000000002,0.02,0.02
30.03.2021 09:36:29.311 GMT+0100,3487.5490000000004,3483.6150000000002,0.02,0.0075
30.03.2021 09:36:33.263 GMT+0100,3487.221,3481.656,0.02,0.02
30.03.2021 09:36:43.743 GMT+0100,3487.426,3482.533,0.02,0.02
30.03.2021 09:36:44.297 GMT+0100,3487.467,3483.697,0.02,0.02
30.03.2021 09:38:28.958 GMT+0100,3486.508,3480.492,0.02,0.02
30.03.2021 09:38:29.738 GMT+0100,3486.385,3481.7790000000005,0.02,0.0075
30.03.2021 09:38:30.604 GMT+0100,3487.303,3481.738,0.02,0.02
30.03.2021 09:38:31.570 GMT+0100,3485.5490000000004,3481.492,0.02,0.02
30.03.2021 09:38:38.122 GMT+0100,3485.221,3480.82,0.02,0.02
30.03.2021 09:38:40.390 GMT+0100,3485.426,3482,0.02,0.0075
30.03.2021 09:38:48.102 GMT+0100,3485.426,3480.697,0.02,0.02
30.03.2021 09:38:52.663 GMT+0100,3484.467,3478.533,0.02,0.02
30.03.2021 09:38:53.755 GMT+0100,3484.508,3479.82,0.02,0.0075
30.03.2021 09:39:02.541 GMT+0100,3483.508,3479.656,0.0075,0.02
30.03.2021 09:39:09.290 GMT+0100,3483.303,3479,0.02,0.02
30.03.2021 09:40:02.753 GMT+0100,3485.467,3480.697,0.02,0.02
30.03.2021 09:40:06.433 GMT+0100,3485,3482.738,0.0075,0.0075
30.03.2021 09:40:06.483 GMT+0100,3487.426,3482.6150000000002,0.02,0.02
30.03.2021 09:40:07.839 GMT+0100,3487.5490000000004,3483.656,0.02,0.0075
30.03.2021 09:40:38.640 GMT+0100,3488.508,3483.7790000000005,0.02,0.02
30.03.2021 09:40:38.806 GMT+0100,3489.508,3484.697,0.02,0.02
30.03.2021 09:40:43.488 GMT+0100,3488.508,3484.451,0.0075,0.0075
30.03.2021 09:40:43.538 GMT+0100,3488.3440000000005,3483.451,0.02,0.02
30.03.2021 09:42:59.266 GMT+0100,3487.1800000000003,3483.451,0.0075,0.02
30.03.2021 09:43:05.192 GMT+0100,3487.426,3482.656,0.02,0.02
30.03.2021 09:45:58.354 GMT+0100,3487.385,3483.697,0.02,0.0075
30.03.2021 09:46:00.259 GMT+0100,3487.467,3483,0.02,0.02
30.03.2021 09:47:17.447 GMT+0100,3487.426,3480.451,0.02,0.02
30.03.2021 09:47:17.498 GMT+0100,3484.3440000000005,3478.656,0.02,0.02
30.03.2021 09:47:17.684 GMT+0100,3485.426,3480,0.02,0.02
30.03.2021 09:47:17.785 GMT+0100,3486.221,3479.738,0.02,0.02
30.03.2021 09:47:17.936 GMT+0100,3486.385,3480.7790000000005,0.02,0.0075
30.03.2021 09:47:18.412 GMT+0100,3485.426,3480.5740000000005,0.0075,0.0075
30.03.2021 09:47:18.462 GMT+0100,3485.508,3478.451,0.02,0.02
30.03.2021 09:47:18.578 GMT+0100,3484.1800000000003,3478.5740000000005,0.02,0.02
30.03.2021 09:47:18.848 GMT+0100,3485.426,3478.738,0.02,0.02
30.03.2021 09:47:19.558 GMT+0100,3484.467,3478.738,0.02,0.02
30.03.2021 09:47:20.554 GMT+0100,3485.508,3478.451,0.02,0.02
30.03.2021 09:47:21.522 GMT+0100,3483.426,3478.82,0.02,0.02
30.03.2021 09:47:31.419 GMT+0100,3485.467,3479.533,0.02,0.02
30.03.2021 09:47:31.644 GMT+0100,3484.262,3479.7790000000005,0.0075,0.02
30.03.2021 09:47:31.819 GMT+0100,3485.303,3479.7790000000005,0.02,0.02
30.03.2021 09:47:31.869 GMT+0100,3484.426,3479.451,0.02,0.02
30.03.2021 09:47:33.291 GMT+0100,3485.426,3479.451,0.02,0.02
30.03.2021 09:47:34.261 GMT+0100,3484.467,3479.5740000000005,0.0075,0.02
30.03.2021 09:47:36.723 GMT+0100,3485.5490000000004,3479.738,0.02,0.02
30.03.2021 09:47:56.524 GMT+0100,3485.508,3481.738,0.0075,0.0075
30.03.2021 09:47:56.574 GMT+0100,3487.221,3481.451,0.02,0.02
30.03.2021 09:47:56.680 GMT+0100,3487.303,3483,0.02,0.0075
30.03.2021 09:48:14.064 GMT+0100,3485.5490000000004,3482.492,0.0075,0.02
30.03.2021 09:48:14.115 GMT+0100,3487.262,3482.451,0.02,0.02
30.03.2021 09:48:14.266 GMT+0100,3485.467,3482.451,0.02,0.02
30.03.2021 09:48:21.292 GMT+0100,3487.262,3482.451,0.02,0.02
30.03.2021 09:48:21.637 GMT+0100,3485.467,3482.6150000000002,0.0075,0.02
30.03.2021 09:48:26.525 GMT+0100,3485.467,3480.697,0.02,0.02
30.03.2021 09:48:50.131 GMT+0100,3485.1800000000003,3481.5740000000005,0.02,0.0075
30.03.2021 09:49:02.147 GMT+0100,3485.5490000000004,3480.451,0.02,0.02
30.03.2021 09:49:13.028 GMT+0100,3485.303,3481.451,0.02,0.02
30.03.2021 09:49:16.863 GMT+0100,3485.1800000000003,3481,0.02,0.02
30.03.2021 09:49:18.633 GMT+0100,3485.303,3481.738,0.02,0.02
30.03.2021 09:49:30.238 GMT+0100,3485.467,3480.451,0.02,0.02
30.03.2021 09:49:40.018 GMT+0100,3485.1800000000003,3481.738,0.02,0.02
30.03.2021 09:49:41.854 GMT+0100,3485.221,3480.492,0.02,0.02
30.03.2021 09:50:02.182 GMT+0100,3485,3481.492,0.02,0.02
30.03.2021 09:50:04.855 GMT+0100,3485.1800000000003,3480.492,0.02,0.02
30.03.2021 09:50:06.993 GMT+0100,3485.262,3481.656,0.02,0.0075
30.03.2021 09:50:11.616 GMT+0100,3485,3480.738,0.02,0.02
30.03.2021 09:50:17.541 GMT+0100,3485.508,3482,0.02,0.0075
30.03.2021 09:50:26.375 GMT+0100,3485.221,3480.451,0.02,0.02
30.03.2021 09:50:52.445 GMT+0100,3485.426,3481.697,0.02,0.0075
30.03.2021 09:51:01.169 GMT+0100,3485.5490000000004,3480.451,0.02,0.02
30.03.2021 09:51:40.524 GMT+0100,3483.221,3477.533,0.02,0.02
30.03.2021 09:51:46.612 GMT+0100,3480.5490000000004,3475,0.02,0.02
30.03.2021 09:51:47.945 GMT+0100,3479.221,3474.697,0.0075,0.02
30.03.2021 09:51:48.425 GMT+0100,3479.467,3475.656,0.02,0.02
30.03.2021 09:52:05.815 GMT+0100,3478.467,3472.738,0.02,0.02
30.03.2021 09:52:06.452 GMT+0100,3477.303,3472.697,0.0075,0.02
30.03.2021 09:52:07.105 GMT+0100,3479.508,3473,0.02,0.02
30.03.2021 09:52:07.219 GMT+0100,3479.1800000000003,3473.697,0.02,0.0075
30.03.2021 09:52:08.800 GMT+0100,3479.221,3474.5740000000005,0.02,0.0075
30.03.2021 09:52:11.660 GMT+0100,3479.426,3475.656,0.02,0.0075
30.03.2021 09:52:13.309 GMT+0100,3482,3475.451,0.02,0.02
30.03.2021 09:52:15.670 GMT+0100,3481.385,3475.533,0.0075,0.02
30.03.2021 09:52:16.067 GMT+0100,3481.508,3477.7790000000005,0.02,0.0075
30.03.2021 09:52:16.168 GMT+0100,3482.467,3477.5740000000005,0.02,0.02
30.03.2021 09:52:16.935 GMT+0100,3481.5490000000004,3477.492,0.0075,0.02
30.03.2021 09:52:18.069 GMT+0100,3482.508,3477.451,0.02,0.02
30.03.2021 09:52:18.812 GMT+0100,3481.426,3477.738,0.0075,0.02
30.03.2021 09:52:19.373 GMT+0100,3482.508,3477.451,0.02,0.02
30.03.2021 09:52:21.487 GMT+0100,3481.426,3477.738,0.0075,0.02
30.03.2021 09:52:25.407 GMT+0100,3482.508,3477.492,0.02,0.02
30.03.2021 09:52:28.221 GMT+0100,3481.426,3477.656,0.0075,0.02
30.03.2021 09:52:47.422 GMT+0100,3480.1800000000003,3477.533,0.0075,0.0075
30.03.2021 09:52:47.472 GMT+0100,3480.1800000000003,3475.492,0.02,0.02
30.03.2021 09:52:47.604 GMT+0100,3479.3440000000005,3475.656,0.0075,0.02
30.03.2021 09:53:02.183 GMT+0100,3482.1800000000003,3476.533,0.02,0.02
30.03.2021 09:53:02.234 GMT+0100,3483.426,3476.7790000000005,0.02,0.02
30.03.2021 09:53:02.675 GMT+0100,3481.385,3475.533,0.02,0.02
30.03.2021 09:53:02.850 GMT+0100,3482.221,3475.7790000000005,0.02,0.02
30.03.2021 09:53:03.208 GMT+0100,3481.508,3475.451,0.0075,0.02
30.03.2021 09:53:03.359 GMT+0100,3480.508,3476.82,0.02,0.02
30.03.2021 09:53:03.421 GMT+0100,3481.3440000000005,3476.6150000000002,0.02,0.02
30.03.2021 09:53:03.632 GMT+0100,3480.467,3475.492,0.02,0.02
30.03.2021 09:53:03.698 GMT+0100,3480.5490000000004,3474.6150000000002,0.02,0.02
30.03.2021 09:53:03.802 GMT+0100,3480.1800000000003,3473.697,0.02,0.02
30.03.2021 09:53:04.088 GMT+0100,3479.303,3473.656,0.0075,0.02
30.03.2021 09:53:04.327 GMT+0100,3479.426,3475,0.02,0.0075
30.03.2021 09:53:04.378 GMT+0100,3479.385,3473.492,0.02,0.02
30.03.2021 09:53:07.729 GMT+0100,3478.3440000000005,3473.738,0.0075,0.0075
30.03.2021 09:53:07.779 GMT+0100,3478.5490000000004,3472.533,0.02,0.02
30.03.2021 09:53:25.512 GMT+0100,3477.221,3471.451,0.02,0.02
30.03.2021 09:53:27.046 GMT+0100,3476.467,3470.6150000000002,0.02,0.02
30.03.2021 09:54:28.604 GMT+0100,3474.262,3468.492,0.01,0.01
30.03.2021 09:54:29.706 GMT+0100,3475.5490000000004,3469.451,0.02,0.02
30.03.2021 09:54:30.536 GMT+0100,3475.508,3468.697,0.02,0.02
30.03.2021 09:54:31.613 GMT+0100,3475.467,3469.5740000000005,0.02,0.02
30.03.2021 09:54:37.970 GMT+0100,3474.262,3468.492,0.02,0.02
30.03.2021 09:54:43.228 GMT+0100,3474.508,3469.738,0.0075,0.0075
30.03.2021 09:54:43.279 GMT+0100,3475.385,3469.5740000000005,0.02,0.02
30.03.2021 09:54:46.426 GMT+0100,3475.385,3470.82,0.02,0.0075
30.03.2021 09:55:04.253 GMT+0100,3474.385,3470.492,0.02,0.02
30.03.2021 09:55:05.640 GMT+0100,3475.426,3470.533,0.02,0.02
30.03.2021 09:56:30.547 GMT+0100,3473.303,3470.533,0.0075,0.02
30.03.2021 09:56:30.648 GMT+0100,3473.467,3468.451,0.02,0.02
30.03.2021 09:57:14.783 GMT+0100,3473.262,3470,0.02,0.0075
30.03.2021 09:57:15.473 GMT+0100,3473.467,3470.533,0.0075,0.02
30.03.2021 09:57:15.523 GMT+0100,3476.385,3470.492,0.02,0.02
30.03.2021 09:57:15.600 GMT+0100,3476.303,3471.6150000000002,0.02,0.02
30.03.2021 09:57:25.222 GMT+0100,3475,3471.738,0.02,0.02
30.03.2021 09:57:35.466 GMT+0100,3473.426,3468.656,0.02,0.02
30.03.2021 09:57:35.715 GMT+0100,3471.221,3468.738,0.0075,0.02
30.03.2021 09:57:42.313 GMT+0100,3473.426,3468.656,0.02,0.02
30.03.2021 09:57:42.813 GMT+0100,3472.467,3468.82,0.02,0.02
30.03.2021 09:57:42.922 GMT+0100,3473.1800000000003,3468.656,0.02,0.02
30.03.2021 09:57:51.101 GMT+0100,3472.467,3468.738,0.02,0.02
30.03.2021 09:57:56.063 GMT+0100,3473.508,3468.492,0.02,0.02
30.03.2021 09:57:56.200 GMT+0100,3475.5490000000004,3469.492,0.02,0.02
30.03.2021 09:57:56.477 GMT+0100,3476.262,3472,0.02,0.02
30.03.2021 09:58:02.825 GMT+0100,3475.467,3471.451,0.02,0.02
30.03.2021 09:58:02.876 GMT+0100,3475.5490000000004,3470.656,0.02,0.02
30.03.2021 09:58:03.409 GMT+0100,3474.385,3469.697,0.02,0.0075
30.03.2021 09:58:22.125 GMT+0100,3475.3440000000005,3469.656,0.02,0.02
30.03.2021 09:58:34.346 GMT+0100,3474.385,3469.82,0.02,0.02
30.03.2021 09:59:56.174 GMT+0100,3475.262,3469.6150000000002,0.02,0.02
30.03.2021 09:59:58.095 GMT+0100,3474.467,3469.5740000000005,0.02,0.02
30.03.2021 10:00:20.465 GMT+0100,3473.3440000000005,3469.7790000000005,0.02,0.02
30.03.2021 10:00:50.976 GMT+0100,3472.262,3468.6150000000002,0.02,0.02
30.03.2021 10:00:51.027 GMT+0100,3472.385,3467.451,0.02,0.02
30.03.2021 10:00:59.913 GMT+0100,3473.262,3468.656,0.02,0.02
30.03.2021 10:01:11.661 GMT+0100,3472.1800000000003,3468.451,0.0075,0.0075
30.03.2021 10:01:11.712 GMT+0100,3473.5490000000004,3467.6150000000002,0.02,0.02
30.03.2021 10:01:11.762 GMT+0100,3473.221,3468.5740000000005,0.02,0.02
30.03.2021 10:01:15.725 GMT+0100,3472.467,3468,0.02,0.02
30.03.2021 10:01:23.013 GMT+0100,3471.426,3468,0.0075,0.0075
30.03.2021 10:01:23.064 GMT+0100,3471,3466.82,0.02,0.02
30.03.2021 10:02:04.652 GMT+0100,3471,3467.656,0.0075,0.0075
30.03.2021 10:02:04.703 GMT+0100,3473.1800000000003,3467.6150000000002,0.02,0.02
30.03.2021 10:02:06.801 GMT+0100,3472.221,3467.6150000000002,0.02,0.02
30.03.2021 10:02:09.642 GMT+0100,3473.1800000000003,3467.5740000000005,0.02,0.02
30.03.2021 10:02:10.617 GMT+0100,3472.1800000000003,3467.82,0.0075,0.02
30.03.2021 10:02:30.671 GMT+0100,3473.303,3467.6150000000002,0.02,0.02
30.03.2021 10:02:39.702 GMT+0100,3472.221,3467.6150000000002,0.02,0.02
30.03.2021 10:03:46.355 GMT+0100,3473.426,3467.7790000000005,0.02,0.02
30.03.2021 10:03:48.453 GMT+0100,3472.303,3467.7790000000005,0.0075,0.02
30.03.2021 10:05:11.549 GMT+0100,3469.303,3464.451,0.02,0.02
30.03.2021 10:05:12.399 GMT+0100,3468.1800000000003,3464.533,0.0075,0.02
30.03.2021 10:05:13.867 GMT+0100,3468,3462.7790000000005,0.02,0.02
30.03.2021 10:05:13.917 GMT+0100,3467.221,3461.656,0.02,0.02
30.03.2021 10:05:14.505 GMT+0100,3466.221,3461,0.02,0.02
30.03.2021 10:05:14.829 GMT+0100,3466.262,3461.738,0.02,0.02
30.03.2021 10:05:20.469 GMT+0100,3466.221,3460.451,0.02,0.02
30.03.2021 10:05:22.111 GMT+0100,3466.426,3461.5740000000005,0.02,0.0075
30.03.2021 10:05:34.305 GMT+0100,3467.303,3461.6150000000002,0.02,0.02
30.03.2021 10:05:49.443 GMT+0100,3467.508,3463.656,0.0075,0.0075
30.03.2021 10:05:49.493 GMT+0100,3468.262,3462.82,0.02,0.02
30.03.2021 10:05:50.110 GMT+0100,3469.467,3462.533,0.02,0.02
30.03.2021 10:05:50.458 GMT+0100,3468.262,3462.5740000000005,0.02,0.02
30.03.2021 10:05:51.542 GMT+0100,3467.262,3462.7790000000005,0.02,0.02
30.03.2021 10:05:53.416 GMT+0100,3466.426,3462.6150000000002,0.0075,0.0075
30.03.2021 10:05:53.467 GMT+0100,3466.303,3461.7790000000005,0.02,0.02
30.03.2021 10:06:01.899 GMT+0100,3466.303,3460.5740000000005,0.02,0.02
30.03.2021 10:06:12.001 GMT+0100,3466.303,3461.492,0.02,0.02
30.03.2021 10:06:19.305 GMT+0100,3465.508,3461.738,0.0075,0.0075
30.03.2021 10:06:19.355 GMT+0100,3465.303,3459.492,0.02,0.02
30.03.2021 10:06:19.490 GMT+0100,3465.303,3460.451,0.02,0.02
30.03.2021 10:06:19.801 GMT+0100,3465.262,3460,0.02,0.02
30.03.2021 10:06:20.283 GMT+0100,3465.385,3460.492,0.02,0.0075
30.03.2021 10:06:45.727 GMT+0100,3466.385,3460.656,0.02,0.02
30.03.2021 10:07:10.265 GMT+0100,3466.221,3461.6150000000002,0.02,0.02
30.03.2021 10:07:17.707 GMT+0100,3466.426,3462.697,0.0075,0.02
30.03.2021 10:07:18.127 GMT+0100,3465.385,3460,0.02,0.02
30.03.2021 10:07:18.241 GMT+0100,3465.5490000000004,3460.5740000000005,0.02,0.0075
30.03.2021 10:07:55.365 GMT+0100,3466.467,3460.7790000000005,0.02,0.02
30.03.2021 10:07:55.478 GMT+0100,3466.508,3461.451,0.02,0.02
30.03.2021 10:08:23.200 GMT+0100,3465.385,3461.5740000000005,0.0075,0.02
30.03.2021 10:08:29.338 GMT+0100,3464.3440000000005,3461.656,0.0075,0.0075
30.03.2021 10:08:29.388 GMT+0100,3464.262,3459.533,0.02,0.02
30.03.2021 10:09:07.699 GMT+0100,3464.262,3458.738,0.02,0.02
30.03.2021 10:09:07.750 GMT+0100,3464.3440000000005,3460,0.02,0.02
30.03.2021 10:09:15.879 GMT+0100,3464.467,3458.492,0.02,0.02
30.03.2021 10:09:19.401 GMT+0100,3464,3459.451,0.02,0.02
30.03.2021 10:09:35.404 GMT+0100,3465.262,3459.451,0.02,0.02
30.03.2021 10:10:00.404 GMT+0100,3465.508,3460.451,0.02,0.02
30.03.2021 10:10:09.915 GMT+0100,3464.426,3460.82,0.02,0.02
30.03.2021 10:10:26.493 GMT+0100,3465.5490000000004,3460.6150000000002,0.02,0.02
30.03.2021 10:10:30.605 GMT+0100,3464.221,3460.451,0.02,0.02
30.03.2021 10:10:31.526 GMT+0100,3464.262,3459.5740000000005,0.02,0.02
30.03.2021 10:10:56.521 GMT+0100,3465.467,3459.492,0.02,0.02
30.03.2021 10:11:16.197 GMT+0100,3464.5490000000004,3459.7790000000005,0.02,0.02
30.03.2021 10:11:20.661 GMT+0100,3463.303,3459.656,0.02,0.0075
30.03.2021 10:12:20.512 GMT+0100,3462.467,3459.738,0.0075,0.0075
30.03.2021 10:12:20.562 GMT+0100,3462.5490000000004,3457.7790000000005,0.02,0.02
30.03.2021 10:12:21.805 GMT+0100,3461.3440000000005,3457.5740000000005,0.0075,0.02
30.03.2021 10:12:25.117 GMT+0100,3463.1800000000003,3458.533,0.02,0.02
30.03.2021 10:12:30.806 GMT+0100,3463.303,3457.451,0.02,0.02
30.03.2021 10:12:37.563 GMT+0100,3463.426,3458.656,0.02,0.02
30.03.2021 10:12:46.963 GMT+0100,3463.508,3457.82,0.02,0.02
30.03.2021 10:12:55.138 GMT+0100,3462.221,3457,0.02,0.02
30.03.2021 10:12:55.284 GMT+0100,3462.262,3457.6150000000002,0.02,0.02
30.03.2021 10:12:55.749 GMT+0100,3461.303,3457.697,0.0075,0.02
30.03.2021 10:13:17.851 GMT+0100,3462.262,3458,0.02,0.02
30.03.2021 10:13:26.644 GMT+0100,3462.508,3456.697,0.02,0.02
30.03.2021 10:13:28.565 GMT+0100,3462.5490000000004,3457.697,0.02,0.0075
30.03.2021 10:13:29.329 GMT+0100,3462.467,3456.7790000000005,0.02,0.02
30.03.2021 10:13:29.524 GMT+0100,3462.385,3457.738,0.02,0.0075
30.03.2021 10:14:41.096 GMT+0100,3462.3440000000005,3458.533,0.0075,0.0075
30.03.2021 10:14:41.146 GMT+0100,3463.467,3458.5740000000005,0.02,0.02
30.03.2021 10:14:50.159 GMT+0100,3462.303,3458,0.02,0.02
30.03.2021 10:15:23.206 GMT+0100,3461.303,3457.451,0.02,0.02
30.03.2021 10:15:29.143 GMT+0100,3461.508,3458.5740000000005,0.02,0.02
30.03.2021 10:15:37.207 GMT+0100,3461.303,3456.533,0.02,0.02
30.03.2021 10:16:46.772 GMT+0100,3460.1800000000003,3456.6150000000002,0.02,0.02
30.03.2021 10:16:47.499 GMT+0100,3461.303,3457,0.02,0.02
30.03.2021 10:16:54.681 GMT+0100,3461.426,3457.82,0.02,0.02
30.03.2021 10:18:08.551 GMT+0100,3460.5490000000004,3457.5740000000005,0.02,0.02
30.03.2021 10:18:08.614 GMT+0100,3461.385,3456.533,0.02,0.02
30.03.2021 10:18:21.209 GMT+0100,3460.467,3456.7790000000005,0.0075,0.0075
30.03.2021 10:18:21.259 GMT+0100,3460.221,3455.533,0.02,0.02
30.03.2021 10:18:22.659 GMT+0100,3461.3440000000005,3456,0.02,0.02
30.03.2021 10:18:32.821 GMT+0100,3461.426,3456.451,0.02,0.02
30.03.2021 10:18:52.848 GMT+0100,3461.262,3457.656,0.02,0.0075
30.03.2021 10:19:08.228 GMT+0100,3462.385,3457.697,0.02,0.02
30.03.2021 10:19:08.278 GMT+0100,3464.1800000000003,3460,0.02,0.02
30.03.2021 10:19:28.877 GMT+0100,3464,3460.82,0.02,0.0075
30.03.2021 10:21:31.476 GMT+0100,3465.1800000000003,3460.492,0.02,0.02
30.03.2021 10:22:10.298 GMT+0100,3464.385,3460.492,0.02,0.02
30.03.2021 10:22:11.217 GMT+0100,3463.3440000000005,3460.656,0.0075,0.02
30.03.2021 10:22:54.066 GMT+0100,3465.508,3460.697,0.02,0.02
30.03.2021 10:22:54.116 GMT+0100,3464.467,3461,0.02,0.02
30.03.2021 10:22:55.192 GMT+0100,3465.262,3460.738,0.02,0.02
30.03.2021 10:23:27.610 GMT+0100,3465.1800000000003,3461.492,0.02,0.0075
30.03.2021 10:23:27.661 GMT+0100,3466.426,3461.6150000000002,0.02,0.02
30.03.2021 10:23:28.785 GMT+0100,3468.5490000000004,3463.5740000000005,0.02,0.02
30.03.2021 10:23:29.741 GMT+0100,3468,3465,0.02,0.02
30.03.2021 10:23:45.470 GMT+0100,3470.303,3464.6150000000002,0.02,0.02
30.03.2021 10:23:48.513 GMT+0100,3470.262,3465.82,0.02,0.02
30.03.2021 10:24:01.665 GMT+0100,3470.303,3466.6150000000002,0.0075,0.0075
30.03.2021 10:24:01.715 GMT+0100,3471.426,3466.656,0.02,0.02
30.03.2021 10:24:15.772 GMT+0100,3471,3465.492,0.02,0.02
30.03.2021 10:24:15.955 GMT+0100,3470,3465.656,0.0075,0.02
30.03.2021 10:24:16.591 GMT+0100,3471.1800000000003,3465.697,0.02,0.02
30.03.2021 10:24:17.801 GMT+0100,3471.1800000000003,3467.6150000000002,0.02,0.0075
30.03.2021 10:24:20.520 GMT+0100,3470.1800000000003,3465.738,0.02,0.02
30.03.2021 10:24:51.221 GMT+0100,3470.467,3466.492,0.02,0.02
30.03.2021 10:24:52.286 GMT+0100,3470.5490000000004,3467.6150000000002,0.02,0.0075
30.03.2021 10:25:23.555 GMT+0100,3471.508,3467.533,0.02,0.02
30.03.2021 10:25:23.663 GMT+0100,3472.385,3467.533,0.02,0.02
30.03.2021 10:25:52.313 GMT+0100,3469.303,3467.82,0.0075,0.0075
30.03.2021 10:25:52.363 GMT+0100,3469.508,3464.451,0.02,0.02
30.03.2021 10:25:52.413 GMT+0100,3468.426,3464.5740000000005,0.02,0.02
30.03.2021 10:25:53.875 GMT+0100,3470.3440000000005,3465.533,0.02,0.02
30.03.2021 10:25:55.417 GMT+0100,3470.221,3466.82,0.02,0.0075
30.03.2021 10:25:57.401 GMT+0100,3471.1800000000003,3466.533,0.02,0.02
30.03.2021 10:26:01.019 GMT+0100,3471.508,3468.82,0.0075,0.0075
30.03.2021 10:26:01.070 GMT+0100,3472.385,3468.697,0.02,0.02
30.03.2021 10:26:05.226 GMT+0100,3472.262,3467.6150000000002,0.02,0.02
30.03.2021 10:26:13.118 GMT+0100,3473,3468,0.02,0.02
30.03.2021 10:26:27.424 GMT+0100,3473.262,3468.738,0.02,0.0075
30.03.2021 10:26:36.890 GMT+0100,3472.262,3468.451,0.0075,0.02
30.03.2021 10:26:37.836 GMT+0100,3473.262,3468.492,0.02,0.02
30.03.2021 10:27:01.030 GMT+0100,3473.303,3467.82,0.02,0.02
30.03.2021 10:27:10.958 GMT+0100,3475.262,3470,0.02,0.02
30.03.2021 10:27:12.249 GMT+0100,3475.385,3470.656,0.02,0.0075
30.03.2021 10:27:32.229 GMT+0100,3475.221,3471.697,0.02,0.0075
30.03.2021 10:27:32.279 GMT+0100,3475.1800000000003,3470.533,0.02,0.02
30.03.2021 10:27:46.178 GMT+0100,3474.508,3470.738,0.02,0.02
30.03.2021 10:28:25.731 GMT+0100,3475.1800000000003,3470.738,0.02,0.02
30.03.2021 10:28:29.049 GMT+0100,3474,3470.697,0.0075,0.02
30.03.2021 10:28:31.064 GMT+0100,3473.426,3470.533,0.0075,0.0075
30.03.2021 10:28:31.114 GMT+0100,3473.221,3468.7790000000005,0.02,0.02
30.03.2021 10:28:53.952 GMT+0100,3471.385,3469,0.0075,0.0075
30.03.2021 10:28:54.002 GMT+0100,3471.385,3466.656,0.02,0.02
30.03.2021 10:28:54.354 GMT+0100,3470.467,3466.697,0.0075,0.02
30.03.2021 10:28:56.953 GMT+0100,3470,3468,0.02,0.0075
30.03.2021 10:28:57.935 GMT+0100,3470.508,3466.6150000000002,0.02,0.02
30.03.2021 10:29:09.872 GMT+0100,3470.508,3467.738,0.0075,0.0075
30.03.2021 10:29:09.923 GMT+0100,3472.467,3468,0.02,0.02
30.03.2021 10:29:24.120 GMT+0100,3471.303,3466.738,0.02,0.02
30.03.2021 10:29:34.290 GMT+0100,3471.426,3467.533,0.0075,0.0075
30.03.2021 10:29:34.340 GMT+0100,3472,3467.697,0.02,0.02
30.03.2021 10:29:34.455 GMT+0100,3472.3440000000005,3466.492,0.02,0.02
30.03.2021 10:29:34.509 GMT+0100,3472.467,3467.738,0.02,0.0075
30.03.2021 10:29:45.539 GMT+0100,3473.508,3468.738,0.02,0.02
30.03.2021 10:29:46.856 GMT+0100,3473.467,3469.697,0.02,0.0075
30.03.2021 10:30:04.349 GMT+0100,3473.508,3470.533,0.0075,0.0075
30.03.2021 10:30:04.399 GMT+0100,3475.385,3470.6150000000002,0.02,0.02
30.03.2021 10:30:10.538 GMT+0100,3475.3440000000005,3471.7790000000005,0.02,0.0075
30.03.2021 10:30:15.029 GMT+0100,3474.467,3471.7790000000005,0.0075,0.02
30.03.2021 10:30:15.365 GMT+0100,3472.3440000000005,3469.5740000000005,0.02,0.02
30.03.2021 10:30:17.666 GMT+0100,3473.1800000000003,3469.656,0.02,0.02
30.03.2021 10:30:21.475 GMT+0100,3474.221,3469.533,0.02,0.02
30.03.2021 10:30:23.052 GMT+0100,3474.467,3470.697,0.02,0.02
30.03.2021 10:30:27.918 GMT+0100,3475.508,3471.82,0.02,0.02
30.03.2021 10:30:29.322 GMT+0100,3474.467,3471.82,0.0075,0.02
30.03.2021 10:31:05.573 GMT+0100,3474.467,3472.738,0.0075,0.0075
30.03.2021 10:31:05.623 GMT+0100,3476.262,3472.738,0.02,0.02
30.03.2021 10:31:06.143 GMT+0100,3477.221,3472.533,0.02,0.02
30.03.2021 10:31:27.124 GMT+0100,3476.385,3472.82,0.0075,0.02
30.03.2021 10:31:36.096 GMT+0100,3474.5490000000004,3470.7790000000005,0.02,0.02
30.03.2021 10:31:36.146 GMT+0100,3474.5490000000004,3469.492,0.02,0.02
30.03.2021 10:31:41.212 GMT+0100,3474.426,3470.6150000000002,0.0075,0.0075
30.03.2021 10:31:41.263 GMT+0100,3474.303,3469.533,0.02,0.02
30.03.2021 10:31:42.093 GMT+0100,3473.508,3469.7790000000005,0.0075,0.02
30.03.2021 10:32:21.158 GMT+0100,3474.5490000000004,3469.5740000000005,0.02,0.02
30.03.2021 10:32:21.322 GMT+0100,3473.262,3470,0.0075,0.02
30.03.2021 10:32:21.982 GMT+0100,3474.426,3469.7790000000005,0.02,0.02
30.03.2021 10:32:23.741 GMT+0100,3473.5490000000004,3469.82,0.0075,0.02
30.03.2021 10:32:41.173 GMT+0100,3471.467,3469.5740000000005,0.02,0.02
30.03.2021 10:33:41.909 GMT+0100,3471.5490000000004,3467.697,0.01,0.01
30.03.2021 10:34:03.512 GMT+0100,3471.1800000000003,3468.5740000000005,0.02,0.0075
30.03.2021 10:34:11.467 GMT+0100,3471.221,3467,0.02,0.02
30.03.2021 10:34:11.517 GMT+0100,3470.5490000000004,3466.6150000000002,0.02,0.02
30.03.2021 10:34:12.765 GMT+0100,3471.508,3466.492,0.02,0.02
30.03.2021 10:34:14.303 GMT+0100,3471,3468,0.02,0.0075
30.03.2021 10:35:58.759 GMT+0100,3470.467,3467.451,0.0075,0.0075
30.03.2021 10:35:58.810 GMT+0100,3470.385,3466.533,0.02,0.02
30.03.2021 10:36:31.418 GMT+0100,3471.221,3466.451,0.02,0.02
30.03.2021 10:36:36.064 GMT+0100,3470.221,3466.656,0.02,0.02
30.03.2021 10:36:51.959 GMT+0100,3471,3466.451,0.02,0.02
30.03.2021 10:37:02.291 GMT+0100,3470.508,3466.492,0.0075,0.02
30.03.2021 10:37:22.017 GMT+0100,3471.508,3466.7790000000005,0.02,0.02
30.03.2021 10:37:26.258 GMT+0100,3470.508,3466.5740000000005,0.0075,0.02
30.03.2021 10:37:41.580 GMT+0100,3471.1800000000003,3466.7790000000005,0.02,0.02
30.03.2021 10:37:47.240 GMT+0100,3470,3466.533,0.02,0.02
30.03.2021 10:39:17.862 GMT+0100,3471.5490000000004,3466.533,0.02,0.02
30.03.2021 10:39:29.805 GMT+0100,3470.262,3466.451,0.0075,0.02
30.03.2021 10:41:55.088 GMT+0100,3469.262,3466.5740000000005,0.0075,0.02
30.03.2021 10:41:55.138 GMT+0100,3470.221,3466.492,0.02,0.02
30.03.2021 10:45:17.341 GMT+0100,3466,3462.697,0.02,0.02
30.03.2021 10:45:17.391 GMT+0100,3467.262,3463,0.02,0.02
30.03.2021 10:45:17.525 GMT+0100,3466.385,3462.451,0.0075,0.02
30.03.2021 10:45:19.722 GMT+0100,3467.508,3462.533,0.02,0.02
30.03.2021 10:45:29.158 GMT+0100,3466.3440000000005,3462.7790000000005,0.0075,0.02
30.03.2021 10:45:36.295 GMT+0100,3466.426,3462,0.02,0.02
30.03.2021 10:45:47.710 GMT+0100,3466,3462.738,0.02,0.0075
30.03.2021 10:45:51.208 GMT+0100,3466.262,3461.492,0.02,0.02
30.03.2021 10:45:52.844 GMT+0100,3466.221,3462.697,0.02,0.0075
30.03.2021 10:45:56.791 GMT+0100,3466.508,3461.697,0.02,0.02
30.03.2021 10:46:08.338 GMT+0100,3466.385,3462.656,0.02,0.0075
30.03.2021 10:46:18.029 GMT+0100,3467.426,3462.7790000000005,0.02,0.02
30.03.2021 10:46:19.853 GMT+0100,3466.3440000000005,3462.533,0.0075,0.02
30.03.2021 10:46:36.688 GMT+0100,3466.303,3461.82,0.02,0.02
30.03.2021 10:46:45.709 GMT+0100,3466.5490000000004,3462.6150000000002,0.0075,0.0075
30.03.2021 10:46:47.387 GMT+0100,3466,3461.738,0.02,0.02
30.03.2021 10:47:06.956 GMT+0100,3465.303,3461.492,0.0075,0.02
30.03.2021 10:47:22.608 GMT+0100,3465.303,3462.451,0.0075,0.0075
30.03.2021 10:47:22.659 GMT+0100,3466.221,3463,0.02,0.02
30.03.2021 10:47:22.759 GMT+0100,3467.3440000000005,3462.697,0.02,0.02
30.03.2021 10:47:33.316 GMT+0100,3466.426,3462.738,0.0075,0.0075
30.03.2021 10:47:33.366 GMT+0100,3466.426,3461.738,0.02,0.02
30.03.2021 10:47:42.173 GMT+0100,3467.262,3462.738,0.02,0.02
30.03.2021 10:47:58.912 GMT+0100,3466,3462.451,0.0075,0.02
30.03.2021 10:48:00.338 GMT+0100,3466.3440000000005,3461.697,0.02,0.02
30.03.2021 10:48:00.949 GMT+0100,3466.3440000000005,3462.6150000000002,0.02,0.02
30.03.2021 10:48:08.510 GMT+0100,3466.3440000000005,3461.697,0.02,0.02
30.03.2021 10:49:19.396 GMT+0100,3466.262,3462.7790000000005,0.0075,0.0075
30.03.2021 10:49:19.447 GMT+0100,3466.1800000000003,3461.533,0.02,0.02
30.03.2021 10:49:19.600 GMT+0100,3466.426,3462.697,0.02,0.02
30.03.2021 10:49:45.950 GMT+0100,3466.467,3461.492,0.02,0.02
30.03.2021 10:50:24.044 GMT+0100,3466,3462.697,0.02,0.0075
30.03.2021 10:50:29.671 GMT+0100,3466.1800000000003,3463.7790000000005,0.02,0.02
30.03.2021 10:50:52.236 GMT+0100,3468.262,3463.492,0.02,0.02
30.03.2021 10:50:52.287 GMT+0100,3467.426,3463.6150000000002,0.02,0.02
30.03.2021 10:51:08.452 GMT+0100,3467.262,3464.697,0.0075,0.0075
30.03.2021 10:51:08.502 GMT+0100,3469,3465.7790000000005,0.02,0.02
30.03.2021 10:51:10.758 GMT+0100,3468.262,3465.6150000000002,0.0075,0.02
30.03.2021 10:51:18.511 GMT+0100,3469.1800000000003,3465.492,0.02,0.02
30.03.2021 10:51:20.208 GMT+0100,3470.467,3467.656,0.02,0.02
30.03.2021 10:51:45.889 GMT+0100,3470.1800000000003,3466.738,0.02,0.02
30.03.2021 10:51:46.897 GMT+0100,3470.1800000000003,3465.697,0.02,0.02
30.03.2021 10:51:51.824 GMT+0100,3470.508,3466.5740000000005,0.02,0.02
30.03.2021 10:51:52.650 GMT+0100,3468.5490000000004,3465.492,0.02,0.02
30.03.2021 10:51:52.701 GMT+0100,3469.262,3465.738,0.02,0.02
30.03.2021 10:51:53.602 GMT+0100,3467.385,3462.533,0.02,0.02
30.03.2021 10:51:53.692 GMT+0100,3467.3440000000005,3464,0.02,0.0075
30.03.2021 10:51:53.742 GMT+0100,3468.467,3463.7790000000005,0.02,0.02
30.03.2021 10:51:55.644 GMT+0100,3467.262,3462.533,0.02,0.02
30.03.2021 10:51:56.308 GMT+0100,3467.262,3463.5740000000005,0.02,0.0075
30.03.2021 10:51:57.367 GMT+0100,3467.262,3462.6150000000002,0.02,0.02
30.03.2021 10:51:57.764 GMT+0100,3467.467,3463.697,0.0075,0.0075
30.03.2021 10:51:57.814 GMT+0100,3468.303,3463.5740000000005,0.02,0.02
30.03.2021 10:52:06.608 GMT+0100,3467.508,3464,0.0075,0.02
30.03.2021 10:52:07.659 GMT+0100,3467.3440000000005,3462.7790000000005,0.02,0.02
30.03.2021 10:52:22.699 GMT+0100,3465.221,3462.697,0.0075,0.02
30.03.2021 10:52:22.800 GMT+0100,3467.1800000000003,3462.451,0.02,0.02
30.03.2021 10:52:23.824 GMT+0100,3466,3462.82,0.0075,0.02
30.03.2021 10:52:28.703 GMT+0100,3466.467,3461.656,0.02,0.02
30.03.2021 10:52:33.391 GMT+0100,3465.303,3461.492,0.0075,0.02
30.03.2021 10:52:52.001 GMT+0100,3465.426,3460.7790000000005,0.02,0.02
30.03.2021 10:52:52.412 GMT+0100,3463.1800000000003,3461,0.0075,0.02
30.03.2021 10:52:53.541 GMT+0100,3463.426,3461.7790000000005,0.02,0.0075
30.03.2021 10:53:03.501 GMT+0100,3463.303,3458.656,0.02,0.02
30.03.2021 10:53:39.612 GMT+0100,3462.508,3457.533,0.02,0.02
30.03.2021 10:53:57.424 GMT+0100,3461.508,3457,0.02,0.02
30.03.2021 10:54:00.846 GMT+0100,3461.5490000000004,3457.533,0.02,0.0075
30.03.2021 10:54:00.896 GMT+0100,3461.1800000000003,3456.533,0.02,0.02
30.03.2021 10:54:05.081 GMT+0100,3461,3457.451,0.02,0.02
30.03.2021 10:54:17.081 GMT+0100,3461.385,3457,0.02,0.02
30.03.2021 10:54:19.689 GMT+0100,3461.3440000000005,3457.7790000000005,0.02,0.0075
30.03.2021 10:54:24.026 GMT+0100,3461.3440000000005,3456.82,0.02,0.02
30.03.2021 10:54:33.855 GMT+0100,3461.1800000000003,3457.6150000000002,0.02,0.0075
30.03.2021 10:54:56.920 GMT+0100,3461.221,3456.6150000000002,0.02,0.02
30.03.2021 10:55:14.195 GMT+0100,3461.221,3457.738,0.02,0.0075
30.03.2021 10:55:15.189 GMT+0100,3463.3440000000005,3459.82,0.02,0.02
30.03.2021 10:55:15.539 GMT+0100,3463.1800000000003,3458.82,0.02,0.02
30.03.2021 10:55:21.200 GMT+0100,3463.508,3459.492,0.02,0.0075
30.03.2021 10:55:55.072 GMT+0100,3463.221,3460.492,0.02,0.0075
30.03.2021 10:58:07.146 GMT+0100,3465,3462,0.02,0.02
30.03.2021 10:58:07.207 GMT+0100,3464.385,3461.6150000000002,0.0075,0.02
30.03.2021 10:58:07.308 GMT+0100,3464.1800000000003,3459.656,0.02,0.02
30.03.2021 10:58:09.069 GMT+0100,3464.262,3461,0.02,0.0075
30.03.2021 10:58:20.646 GMT+0100,3463.221,3460.492,0.02,0.02
30.03.2021 10:59:19.993 GMT+0100,3465,3460.533,0.02,0.02
30.03.2021 10:59:31.147 GMT+0100,3465.426,3462,0.02,0.0075
30.03.2021 10:59:51.287 GMT+0100,3466.508,3461.7790000000005,0.02,0.02
30.03.2021 10:59:51.341 GMT+0100,3465.262,3461.6150000000002,0.0075,0.02
30.03.2021 11:00:09.978 GMT+0100,3466.303,3462.738,0.02,0.02
30.03.2021 11:00:13.061 GMT+0100,3466.3440000000005,3462,0.02,0.02
30.03.2021 11:00:18.495 GMT+0100,3465.221,3461.7790000000005,0.0075,0.02
30.03.2021 11:00:20.489 GMT+0100,3466.262,3461.492,0.02,0.02
30.03.2021 11:00:34.012 GMT+0100,3465.262,3461.738,0.02,0.02
30.03.2021 11:01:08.419 GMT+0100,3463.303,3459.492,0.02,0.02
30.03.2021 11:01:08.470 GMT+0100,3462.426,3458,0.02,0.02
30.03.2021 11:02:48.201 GMT+0100,3461.262,3457.5740000000005,0.0075,0.02
30.03.2021 11:03:00.537 GMT+0100,3462.5490000000004,3458,0.02,0.02
30.03.2021 11:03:53.137 GMT+0100,3461.1800000000003,3457.6150000000002,0.0075,0.0075
30.03.2021 11:03:53.187 GMT+0100,3458.426,3453.656,0.02,0.02
30.03.2021 11:03:53.237 GMT+0100,3459.426,3454.5740000000005,0.02,0.02
30.03.2021 11:03:53.699 GMT+0100,3458,3454.738,0.0075,0.02
30.03.2021 11:04:07.258 GMT+0100,3458.303,3453.6150000000002,0.02,0.02
30.03.2021 11:05:03.361 GMT+0100,3457.5490000000004,3453.82,0.0075,0.02
30.03.2021 11:06:06.555 GMT+0100,3459.508,3454.7790000000005,0.02,0.02
30.03.2021 11:06:07.512 GMT+0100,3459.3440000000005,3456,0.0075,0.0075
30.03.2021 11:06:07.563 GMT+0100,3460.221,3456,0.02,0.02
30.03.2021 11:06:16.560 GMT+0100,3459.5490000000004,3455.5740000000005,0.0075,0.02
30.03.2021 11:06:16.660 GMT+0100,3459.303,3454.82,0.02,0.02
30.03.2021 11:07:35.478 GMT+0100,3459.467,3454,0.02,0.02
30.03.2021 11:07:35.528 GMT+0100,3456.303,3451.533,0.02,0.02
30.03.2021 11:07:38.482 GMT+0100,3456.303,3452.5740000000005,0.02,0.02
30.03.2021 11:07:38.533 GMT+0100,3457.467,3452.492,0.02,0.02
30.03.2021 11:07:41.809 GMT+0100,3456.426,3452.451,0.0075,0.02
30.03.2021 11:07:41.859 GMT+0100,3456.303,3451.738,0.02,0.02
30.03.2021 11:07:52.224 GMT+0100,3455,3451.533,0.02,0.02
30.03.2021 11:07:52.275 GMT+0100,3453.467,3448.697,0.02,0.02
30.03.2021 11:08:09.897 GMT+0100,3455.3440000000005,3450.697,0.02,0.02
30.03.2021 11:08:13.274 GMT+0100,3455.221,3452.451,0.02,0.0075
30.03.2021 11:08:23.610 GMT+0100,3454.3440000000005,3449.533,0.02,0.02
30.03.2021 11:08:24.245 GMT+0100,3454.303,3451,0.0075,0.0075
30.03.2021 11:08:24.295 GMT+0100,3455.426,3450.5740000000005,0.02,0.02
30.03.2021 11:08:53.611 GMT+0100,3454.508,3450.492,0.0075,0.02
30.03.2021 11:08:54.335 GMT+0100,3454.385,3450,0.02,0.02
30.03.2021 11:08:56.741 GMT+0100,3454.508,3450.82,0.02,0.0075
30.03.2021 11:09:00.910 GMT+0100,3454,3449.738,0.02,0.02
30.03.2021 11:09:24.942 GMT+0100,3454.3440000000005,3450.697,0.02,0.0075
30.03.2021 11:09:45.169 GMT+0100,3454.385,3450,0.02,0.02
30.03.2021 11:09:50.657 GMT+0100,3453.262,3449.656,0.0075,0.02
30.03.2021 11:10:03.345 GMT+0100,3452.385,3449.82,0.02,0.02
30.03.2021 11:10:03.462 GMT+0100,3453.426,3449.656,0.02,0.02
30.03.2021 11:10:11.816 GMT+0100,3452.3440000000005,3449.697,0.0075,0.02
30.03.2021 11:12:19.105 GMT+0100,3454.426,3449.656,0.02,0.02
30.03.2021 11:12:22.294 GMT+0100,3452.303,3447.451,0.02,0.02
30.03.2021 11:12:24.808 GMT+0100,3452.385,3448.451,0.0075,0.0075
30.03.2021 11:12:24.858 GMT+0100,3453.508,3448.656,0.02,0.02
30.03.2021 11:12:29.138 GMT+0100,3453.262,3447.451,0.02,0.02
30.03.2021 11:12:47.363 GMT+0100,3453.221,3449.533,0.02,0.02
30.03.2021 11:12:48.276 GMT+0100,3453.3440000000005,3450.451,0.02,0.0075
30.03.2021 11:12:50.678 GMT+0100,3454.1800000000003,3450.6150000000002,0.02,0.02
30.03.2021 11:12:52.637 GMT+0100,3455.426,3452,0.02,0.02
30.03.2021 11:12:52.854 GMT+0100,3456.1800000000003,3451.5740000000005,0.02,0.02
30.03.2021 11:12:53.942 GMT+0100,3456.426,3453.533,0.02,0.02
30.03.2021 11:12:54.050 GMT+0100,3457.1800000000003,3453.697,0.02,0.02
30.03.2021 11:13:19.454 GMT+0100,3458.221,3453.492,0.02,0.02
30.03.2021 11:13:37.254 GMT+0100,3458,3454.697,0.0075,0.0075
30.03.2021 11:13:37.304 GMT+0100,3459,3454.492,0.02,0.02
30.03.2021 11:14:03.103 GMT+0100,3459,3457,0.02,0.0075
30.03.2021 11:14:06.162 GMT+0100,3460.303,3456.533,0.02,0.02
30.03.2021 11:14:13.246 GMT+0100,3459.3440000000005,3456.451,0.0075,0.02
30.03.2021 11:14:13.456 GMT+0100,3460.303,3456.82,0.02,0.02
30.03.2021 11:14:28.634 GMT+0100,3459.467,3456.492,0.0075,0.0075
30.03.2021 11:14:28.684 GMT+0100,3459.508,3455.656,0.02,0.02
30.03.2021 11:14:28.734 GMT+0100,3457.221,3455.82,0.02,0.02
30.03.2021 11:14:33.730 GMT+0100,3459.262,3455.738,0.02,0.02
30.03.2021 11:14:43.604 GMT+0100,3459,3453.656,0.02,0.02
30.03.2021 11:14:43.655 GMT+0100,3458,3453.7790000000005,0.02,0.02
30.03.2021 11:14:54.607 GMT+0100,3458.221,3454.451,0.0075,0.0075
30.03.2021 11:14:54.657 GMT+0100,3459.5490000000004,3454.451,0.02,0.02
30.03.2021 11:14:56.094 GMT+0100,3458.221,3454.451,0.0075,0.0075
30.03.2021 11:14:56.144 GMT+0100,3458.385,3454,0.02,0.02
30.03.2021 11:15:15.831 GMT+0100,3457.262,3453.492,0.02,0.02
30.03.2021 11:15:18.868 GMT+0100,3456.508,3453.6150000000002,0.02,0.02
30.03.2021 11:15:48.863 GMT+0100,3455.467,3453.533,0.0075,0.02
30.03.2021 11:16:08.083 GMT+0100,3458.262,3455.697,0.02,0.02
30.03.2021 11:16:09.557 GMT+0100,3458.385,3454,0.02,0.02
30.03.2021 11:16:10.089 GMT+0100,3457.221,3453.697,0.0075,0.02
30.03.2021 11:16:14.166 GMT+0100,3458.385,3454,0.02,0.02
30.03.2021 11:16:18.400 GMT+0100,3459.1800000000003,3454.656,0.02,0.02
30.03.2021 11:16:20.066 GMT+0100,3459.1800000000003,3455.451,0.02,0.0075
30.03.2021 11:16:29.051 GMT+0100,3458.262,3455.451,0.0075,0.02
30.03.2021 11:16:29.101 GMT+0100,3461.303,3456.656,0.02,0.02
30.03.2021 11:16:34.493 GMT+0100,3461.303,3457.451,0.02,0.0075
30.03.2021 11:17:14.073 GMT+0100,3460.385,3457.6150000000002,0.0075,0.02
30.03.2021 11:17:14.235 GMT+0100,3461.3440000000005,3457.738,0.02,0.02
30.03.2021 11:17:32.040 GMT+0100,3460.303,3455.738,0.02,0.02
30.03.2021 11:17:32.097 GMT+0100,3458.3440000000005,3455.451,0.0075,0.0075
30.03.2021 11:17:32.147 GMT+0100,3458.385,3453.82,0.02,0.02
30.03.2021 11:17:33.834 GMT+0100,3458.262,3454.451,0.02,0.02
30.03.2021 11:17:34.412 GMT+0100,3457.508,3454.533,0.0075,0.02
30.03.2021 11:17:50.193 GMT+0100,3459.508,3454.451,0.02,0.02
30.03.2021 11:17:55.893 GMT+0100,3460,3454.656,0.02,0.02
30.03.2021 11:17:55.943 GMT+0100,3460.467,3455.82,0.02,0.02
30.03.2021 11:17:56.605 GMT+0100,3460.508,3457.492,0.02,0.0075
30.03.2021 11:17:59.288 GMT+0100,3461.385,3457.82,0.02,0.02
30.03.2021 11:18:11.044 GMT+0100,3463,3457.7790000000005,0.02,0.02
30.03.2021 11:18:11.094 GMT+0100,3462.508,3457.7790000000005,0.02,0.02
30.03.2021 11:18:12.108 GMT+0100,3461.5490000000004,3457.6150000000002,0.0075,0.02
30.03.2021 11:18:35.880 GMT+0100,3462.426,3457.6150000000002,0.02,0.02
30.03.2021 11:18:48.089 GMT+0100,3461.1800000000003,3458,0.0075,0.02
30.03.2021 11:19:05.450 GMT+0100,3461.262,3458.7790000000005,0.0075,0.0075
30.03.2021 11:19:05.500 GMT+0100,3463.221,3458.82,0.02,0.02
30.03.2021 11:19:06.868 GMT+0100,3463.262,3459.656,0.02,0.0075
30.03.2021 11:19:06.918 GMT+0100,3464.467,3459.738,0.02,0.02
30.03.2021 11:19:10.715 GMT+0100,3464.221,3461.7790000000005,0.02,0.0075
30.03.2021 11:19:10.766 GMT+0100,3465.508,3461.5740000000005,0.02,0.02
30.03.2021 11:19:39.365 GMT+0100,3466.303,3461.451,0.02,0.02
30.03.2021 11:19:42.885 GMT+0100,3466.221,3462.6150000000002,0.02,0.0075
30.03.2021 11:19:44.010 GMT+0100,3466.385,3462,0.02,0.02
30.03.2021 11:19:44.741 GMT+0100,3466.262,3463.533,0.02,0.0075
30.03.2021 11:19:46.082 GMT+0100,3466.262,3461.5740000000005,0.02,0.02
30.03.2021 11:19:52.661 GMT+0100,3465.262,3461.656,0.02,0.02
30.03.2021 11:19:52.711 GMT+0100,3466.467,3461.7790000000005,0.02,0.02
30.03.2021 11:20:02.616 GMT+0100,3466.426,3463.5740000000005,0.02,0.0075
30.03.2021 11:20:06.943 GMT+0100,3466.467,3461.738,0.02,0.02
30.03.2021 11:20:06.994 GMT+0100,3464.221,3461.7790000000005,0.02,0.02
30.03.2021 11:20:07.656 GMT+0100,3465.467,3461.533,0.02,0.02
30.03.2021 11:20:07.850 GMT+0100,3466.385,3461.697,0.02,0.02
30.03.2021 11:20:29.800 GMT+0100,3464,3458.7790000000005,0.02,0.02
30.03.2021 11:20:30.899 GMT+0100,3464.385,3460,0.02,0.0075
30.03.2021 11:20:36.243 GMT+0100,3463.5490000000004,3459.738,0.0075,0.02
30.03.2021 11:20:37.595 GMT+0100,3463.221,3458.5740000000005,0.02,0.02
30.03.2021 11:21:47.217 GMT+0100,3463,3459.697,0.02,0.0075
30.03.2021 11:21:54.465 GMT+0100,3463.221,3458.738,0.02,0.02
30.03.2021 11:21:54.516 GMT+0100,3463.5490000000004,3459.6150000000002,0.02,0.02
30.03.2021 11:21:54.566 GMT+0100,3463.3440000000005,3459,0.02,0.02
30.03.2021 11:22:12.739 GMT+0100,3463.426,3459.82,0.02,0.0075
30.03.2021 11:22:13.879 GMT+0100,3463,3458.82,0.02,0.02
30.03.2021 11:22:26.037 GMT+0100,3463.426,3459.492,0.02,0.0075
30.03.2021 11:23:49.808 GMT+0100,3462.262,3460,0.0075,0.02
30.03.2021 11:23:50.797 GMT+0100,3462.3440000000005,3458.5740000000005,0.02,0.02
30.03.2021 11:23:55.355 GMT+0100,3460.221,3458.656,0.0075,0.02
30.03.2021 11:23:55.853 GMT+0100,3460.221,3456.5740000000005,0.02,0.02
30.03.2021 11:24:00.487 GMT+0100,3460.262,3455.451,0.02,0.02
30.03.2021 11:24:00.804 GMT+0100,3460.5490000000004,3456.5740000000005,0.02,0.02
30.03.2021 11:24:07.553 GMT+0100,3460.221,3455.6150000000002,0.02,0.02
