Local time,Ask,Bid,AskVolume,BidVolume
26.03.2021 08:00:04.442 GMT-0000,3437.303,3414.697,0.02,0.02
26.03.2021 08:00:04.554 GMT-0000,3435.385,3414.533,0.02,0.02
26.03.2021 08:00:04.696 GMT-0000,3435.303,3415.738,0.0075,0.0075
26.03.2021 08:00:04.746 GMT-0000,3437.262,3415.533,0.02,0.02
26.03.2021 08:00:05.429 GMT-0000,3435.221,3420.697,0.0075,0.0075
26.03.2021 08:00:05.600 GMT-0000,3434.508,3422.6150000000002,0.02,0.0075
26.03.2021 08:00:05.651 GMT-0000,3434,3420.5740000000005,0.02,0.02
26.03.2021 08:00:05.826 GMT-0000,3435.426,3421,0.02,0.02
26.03.2021 08:00:18.906 GMT-0000,3435.1800000000003,3424.738,0.0075,0.0075
26.03.2021 08:00:18.956 GMT-0000,3437.262,3425,0.02,0.02
26.03.2021 08:00:19.337 GMT-0000,3437,3422.533,0.02,0.02
26.03.2021 08:00:19.516 GMT-0000,3435.3440000000005,3422.451,0.0075,0.0075
26.03.2021 08:00:19.566 GMT-0000,3435.467,3421.697,0.02,0.02
26.03.2021 08:00:22.513 GMT-0000,3435.385,3424.697,0.02,0.0075
26.03.2021 08:00:22.709 GMT-0000,3434,3424.7790000000005,0.02,0.02
26.03.2021 08:00:30.686 GMT-0000,3434.262,3422.697,0.02,0.02
26.03.2021 08:00:33.379 GMT-0000,3434.303,3425.492,0.0075,0.0075
26.03.2021 08:00:33.429 GMT-0000,3443.1800000000003,3426.492,0.02,0.02
26.03.2021 08:00:33.987 GMT-0000,3443.508,3427.82,0.02,0.0075
26.03.2021 08:00:34.037 GMT-0000,3445.3440000000005,3428.451,0.02,0.02
26.03.2021 08:00:34.468 GMT-0000,3447.467,3428.492,0.02,0.02
26.03.2021 08:00:34.518 GMT-0000,3446.3440000000005,3427.6150000000002,0.02,0.02
26.03.2021 08:00:34.619 GMT-0000,3447.385,3432.6150000000002,0.02,0.02
26.03.2021 08:00:36.542 GMT-0000,3448.221,3432.5740000000005,0.02,0.02
26.03.2021 08:00:41.798 GMT-0000,3449.3440000000005,3432.451,0.02,0.02
26.03.2021 08:00:44.574 GMT-0000,3449.385,3430.451,0.02,0.02
26.03.2021 08:00:50.500 GMT-0000,3449,3435.533,0.02,0.0075
26.03.2021 08:00:55.598 GMT-0000,3449.385,3430.6150000000002,0.02,0.02
26.03.2021 08:00:59.084 GMT-0000,3451.262,3430.697,0.02,0.02
26.03.2021 08:00:59.185 GMT-0000,3454.426,3436.7790000000005,0.02,0.02
26.03.2021 08:01:00.104 GMT-0000,3453.3440000000005,3436.82,0.0075,0.02
26.03.2021 08:01:09.695 GMT-0000,3453.3440000000005,3432.697,0.02,0.02
26.03.2021 08:01:09.746 GMT-0000,3453.508,3433.738,0.02,0.02
26.03.2021 08:01:14.472 GMT-0000,3453.3440000000005,3438,0.02,0.0075
26.03.2021 08:01:15.218 GMT-0000,3454.467,3437.697,0.02,0.02
26.03.2021 08:01:18.612 GMT-0000,3456.467,3437.82,0.02,0.02
26.03.2021 08:01:20.583 GMT-0000,3454.467,3437.82,0.0075,0.0075
26.03.2021 08:01:20.633 GMT-0000,3454.467,3433.5740000000005,0.02,0.02
26.03.2021 08:01:21.361 GMT-0000,3453.467,3433.533,0.0075,0.02
26.03.2021 08:01:22.231 GMT-0000,3452.426,3433.5740000000005,0.0075,0.02
26.03.2021 08:01:22.386 GMT-0000,3452.303,3432.7790000000005,0.02,0.02
26.03.2021 08:01:24.512 GMT-0000,3451.1800000000003,3433,0.0075,0.0075
26.03.2021 08:01:24.563 GMT-0000,3450.262,3430.656,0.02,0.02
26.03.2021 08:01:25.530 GMT-0000,3449.3440000000005,3430.533,0.0075,0.02
26.03.2021 08:01:25.631 GMT-0000,3447.385,3426.697,0.02,0.02
26.03.2021 08:01:25.689 GMT-0000,3445.5490000000004,3426.738,0.0075,0.0075
26.03.2021 08:01:25.828 GMT-0000,3440,3422.6150000000002,0.0075,0.02
26.03.2021 08:01:25.878 GMT-0000,3445.385,3422.697,0.02,0.02
26.03.2021 08:01:26.394 GMT-0000,3445.221,3425.738,0.0075,0.0075
26.03.2021 08:01:26.778 GMT-0000,3439.1800000000003,3422.5740000000005,0.0075,0.0075
26.03.2021 08:01:26.828 GMT-0000,3440.467,3421.6150000000002,0.02,0.02
26.03.2021 08:01:27.755 GMT-0000,3434.5490000000004,3421.451,0.0075,0.0075
26.03.2021 08:01:27.805 GMT-0000,3434.1800000000003,3419.738,0.02,0.02
26.03.2021 08:01:30.833 GMT-0000,3432.1800000000003,3419.697,0.02,0.02
26.03.2021 08:01:52.496 GMT-0000,3440.262,3419.656,0.02,0.02
26.03.2021 08:01:52.546 GMT-0000,3440.262,3420.6150000000002,0.02,0.02
26.03.2021 08:01:53.568 GMT-0000,3436,3421,0.0075,0.02
26.03.2021 08:02:06.892 GMT-0000,3435.385,3420.492,0.0075,0.0075
26.03.2021 08:02:06.943 GMT-0000,3435.1800000000003,3415.5740000000005,0.02,0.02
26.03.2021 08:02:07.098 GMT-0000,3436.1800000000003,3415.7790000000005,0.02,0.02
26.03.2021 08:02:09.036 GMT-0000,3436.262,3414.656,0.02,0.02
26.03.2021 08:02:19.688 GMT-0000,3436.508,3415.6150000000002,0.0075,0.0075
26.03.2021 08:02:19.738 GMT-0000,3438.5490000000004,3415.451,0.02,0.02
26.03.2021 08:02:19.874 GMT-0000,3439.3440000000005,3415.492,0.02,0.02
26.03.2021 08:02:19.924 GMT-0000,3436.5490000000004,3415.492,0.02,0.02
26.03.2021 08:02:30.047 GMT-0000,3435.5490000000004,3415.5740000000005,0.0075,0.02
26.03.2021 08:02:30.540 GMT-0000,3435.262,3417.738,0.02,0.02
26.03.2021 08:02:30.590 GMT-0000,3435.262,3416.7790000000005,0.02,0.02
26.03.2021 08:02:30.761 GMT-0000,3434,3416.6150000000002,0.0075,0.02
26.03.2021 08:02:30.888 GMT-0000,3433.467,3417,0.02,0.02
26.03.2021 08:02:42.994 GMT-0000,3433.262,3417.492,0.02,0.02
26.03.2021 08:02:43.245 GMT-0000,3433.262,3419.5740000000005,0.02,0.0075
26.03.2021 08:02:43.296 GMT-0000,3438,3422.738,0.02,0.02
26.03.2021 08:02:43.465 GMT-0000,3441.508,3423.451,0.02,0.02
26.03.2021 08:02:45.552 GMT-0000,3439.385,3423.7790000000005,0.0075,0.02
26.03.2021 08:02:45.809 GMT-0000,3441.262,3423.738,0.02,0.02
26.03.2021 08:02:46.288 GMT-0000,3439.303,3423.492,0.0075,0.02
26.03.2021 08:02:46.563 GMT-0000,3439.262,3422.656,0.02,0.02
26.03.2021 08:02:46.613 GMT-0000,3437.262,3422.738,0.02,0.02
26.03.2021 08:02:46.663 GMT-0000,3438.426,3422.451,0.02,0.02
26.03.2021 08:02:50.694 GMT-0000,3438.5490000000004,3423.451,0.0075,0.0075
26.03.2021 08:02:50.744 GMT-0000,3439.303,3423.492,0.02,0.02
26.03.2021 08:02:55.328 GMT-0000,3441.5490000000004,3423.492,0.02,0.02
26.03.2021 08:02:55.379 GMT-0000,3441.508,3425.492,0.02,0.02
26.03.2021 08:03:00.637 GMT-0000,3437.303,3426.6150000000002,0.02,0.02
26.03.2021 08:03:00.688 GMT-0000,3436.508,3422.533,0.02,0.02
26.03.2021 08:03:04.354 GMT-0000,3438.3440000000005,3422.82,0.02,0.02
26.03.2021 08:03:10.989 GMT-0000,3438.1800000000003,3424.6150000000002,0.0075,0.0075
26.03.2021 08:03:11.039 GMT-0000,3445.426,3429,0.02,0.02
26.03.2021 08:03:11.092 GMT-0000,3442,3428.697,0.0075,0.02
26.03.2021 08:03:11.243 GMT-0000,3441.5490000000004,3427.451,0.02,0.02
26.03.2021 08:03:12.115 GMT-0000,3441.385,3429.6150000000002,0.02,0.0075
26.03.2021 08:03:13.990 GMT-0000,3440.5490000000004,3429.533,0.0075,0.02
26.03.2021 08:03:14.091 GMT-0000,3439,3429.5740000000005,0.02,0.02
26.03.2021 08:03:14.192 GMT-0000,3441.385,3430,0.02,0.02
26.03.2021 08:03:16.118 GMT-0000,3437.3440000000005,3430,0.0075,0.02
26.03.2021 08:03:16.617 GMT-0000,3436.508,3421.7790000000005,0.02,0.02
26.03.2021 08:03:16.667 GMT-0000,3433.426,3421.492,0.02,0.02
26.03.2021 08:03:17.971 GMT-0000,3431,3419.5740000000005,0.02,0.02
26.03.2021 08:03:18.091 GMT-0000,3430.1800000000003,3419.533,0.02,0.02
26.03.2021 08:03:18.982 GMT-0000,3435,3419.656,0.02,0.02
26.03.2021 08:03:19.034 GMT-0000,3430.467,3419.533,0.02,0.02
26.03.2021 08:03:19.259 GMT-0000,3430.262,3420.697,0.02,0.02
26.03.2021 08:03:19.713 GMT-0000,3434.303,3420.451,0.02,0.02
26.03.2021 08:03:19.763 GMT-0000,3437.467,3424.5740000000005,0.02,0.02
26.03.2021 08:03:20.951 GMT-0000,3435.385,3424.697,0.0075,0.02
26.03.2021 08:03:23.761 GMT-0000,3435.262,3423.5740000000005,0.02,0.02
26.03.2021 08:03:29.584 GMT-0000,3437.467,3423.82,0.02,0.02
26.03.2021 08:03:30.243 GMT-0000,3440.426,3427.6150000000002,0.02,0.02
26.03.2021 08:03:30.411 GMT-0000,3441,3427.7790000000005,0.02,0.02
26.03.2021 08:03:35.461 GMT-0000,3437.303,3424.451,0.02,0.02
26.03.2021 08:03:35.846 GMT-0000,3437.221,3423.6150000000002,0.02,0.02
26.03.2021 08:03:39.592 GMT-0000,3433.508,3422.697,0.02,0.02
26.03.2021 08:03:39.721 GMT-0000,3433.426,3422,0.02,0.02
26.03.2021 08:03:49.356 GMT-0000,3433.262,3419.533,0.02,0.02
26.03.2021 08:03:49.450 GMT-0000,3431.3440000000005,3419.6150000000002,0.0075,0.0075
26.03.2021 08:03:49.500 GMT-0000,3431.385,3418.656,0.02,0.02
26.03.2021 08:03:49.550 GMT-0000,3427.5490000000004,3418.738,0.02,0.02
26.03.2021 08:03:56.226 GMT-0000,3433.426,3423.6150000000002,0.02,0.02
26.03.2021 08:03:56.327 GMT-0000,3436.1800000000003,3422.5740000000005,0.02,0.02
26.03.2021 08:03:56.704 GMT-0000,3433.1800000000003,3423,0.0075,0.02
26.03.2021 08:03:59.215 GMT-0000,3433.1800000000003,3423.492,0.02,0.02
26.03.2021 08:03:59.705 GMT-0000,3437.262,3423.533,0.02,0.02
26.03.2021 08:04:02.909 GMT-0000,3437.385,3427.738,0.0075,0.0075
26.03.2021 08:04:02.959 GMT-0000,3439.1800000000003,3427.656,0.02,0.02
26.03.2021 08:04:03.422 GMT-0000,3440.426,3427.5740000000005,0.02,0.02
26.03.2021 08:04:04.198 GMT-0000,3439.5490000000004,3427.6150000000002,0.0075,0.02
26.03.2021 08:04:04.249 GMT-0000,3441.5490000000004,3427.7790000000005,0.02,0.02
26.03.2021 08:04:10.205 GMT-0000,3443.221,3430.533,0.02,0.02
26.03.2021 08:04:10.981 GMT-0000,3444.5490000000004,3430.697,0.02,0.02
26.03.2021 08:04:12.296 GMT-0000,3444.1800000000003,3432.697,0.0075,0.0075
26.03.2021 08:04:12.346 GMT-0000,3445.385,3433,0.02,0.02
26.03.2021 08:04:14.372 GMT-0000,3447.303,3436.82,0.02,0.02
26.03.2021 08:04:19.892 GMT-0000,3446.508,3436.656,0.0075,0.02
26.03.2021 08:04:19.942 GMT-0000,3445.1800000000003,3432.533,0.02,0.02
26.03.2021 08:04:21.342 GMT-0000,3445.467,3431.82,0.02,0.02
26.03.2021 08:04:22.518 GMT-0000,3446.5490000000004,3431.451,0.02,0.02
26.03.2021 08:04:23.307 GMT-0000,3445.1800000000003,3432,0.0075,0.02
26.03.2021 08:04:25.572 GMT-0000,3446.303,3431.697,0.02,0.02
26.03.2021 08:04:28.951 GMT-0000,3445,3431.697,0.0075,0.02
26.03.2021 08:04:29.108 GMT-0000,3446.385,3431.492,0.02,0.02
26.03.2021 08:04:34.513 GMT-0000,3445.3440000000005,3431.7790000000005,0.02,0.02
26.03.2021 08:04:34.564 GMT-0000,3446.221,3432,0.02,0.02
26.03.2021 08:04:35.559 GMT-0000,3445.221,3431.5740000000005,0.0075,0.02
26.03.2021 08:04:36.158 GMT-0000,3446.262,3431.6150000000002,0.02,0.02
26.03.2021 08:04:41.843 GMT-0000,3445,3431.7790000000005,0.02,0.02
26.03.2021 08:04:41.894 GMT-0000,3446.385,3431.5740000000005,0.02,0.02
26.03.2021 08:04:41.981 GMT-0000,3446.3440000000005,3434,0.02,0.0075
26.03.2021 08:04:46.564 GMT-0000,3446.1800000000003,3435.82,0.02,0.0075
26.03.2021 08:04:46.692 GMT-0000,3446.303,3437,0.02,0.0075
26.03.2021 08:04:47.647 GMT-0000,3447.508,3436.82,0.02,0.02
26.03.2021 08:04:47.700 GMT-0000,3447.426,3438.7790000000005,0.02,0.02
26.03.2021 08:04:48.646 GMT-0000,3449.221,3438.738,0.02,0.02
26.03.2021 08:04:50.591 GMT-0000,3450.467,3440.738,0.02,0.0075
26.03.2021 08:04:51.748 GMT-0000,3450.385,3439.533,0.02,0.02
26.03.2021 08:04:52.100 GMT-0000,3450.262,3440.656,0.02,0.0075
26.03.2021 08:04:52.150 GMT-0000,3453.467,3440.5740000000005,0.02,0.02
26.03.2021 08:04:54.630 GMT-0000,3455.5490000000004,3442.82,0.02,0.02
26.03.2021 08:04:54.747 GMT-0000,3455.385,3443.82,0.02,0.02
26.03.2021 08:04:57.104 GMT-0000,3456.303,3446.492,0.02,0.02
26.03.2021 08:04:57.223 GMT-0000,3457.3440000000005,3446.738,0.02,0.02
26.03.2021 08:05:02.024 GMT-0000,3455.1800000000003,3446.533,0.02,0.02
26.03.2021 08:05:03.000 GMT-0000,3455.5490000000004,3447.533,0.02,0.02
26.03.2021 08:05:03.202 GMT-0000,3456.221,3447.451,0.02,0.02
26.03.2021 08:05:03.282 GMT-0000,3455.3440000000005,3447.5740000000005,0.0075,0.02
26.03.2021 08:05:03.383 GMT-0000,3456.385,3447.656,0.02,0.02
26.03.2021 08:05:19.861 GMT-0000,3456.426,3449.82,0.0075,0.0075
26.03.2021 08:05:19.912 GMT-0000,3462.303,3449.656,0.02,0.02
26.03.2021 08:05:19.962 GMT-0000,3461.385,3449.492,0.02,0.02
26.03.2021 08:05:20.573 GMT-0000,3463.426,3451.492,0.0075,0.02
26.03.2021 08:05:20.623 GMT-0000,3465.426,3451.738,0.02,0.02
26.03.2021 08:05:49.412 GMT-0000,3463.385,3451.82,0.0075,0.02
26.03.2021 08:05:49.512 GMT-0000,3464.3440000000005,3451.82,0.02,0.02
26.03.2021 08:05:53.729 GMT-0000,3463.1800000000003,3451.451,0.0075,0.02
26.03.2021 08:05:56.185 GMT-0000,3464.5490000000004,3451.6150000000002,0.02,0.02
26.03.2021 08:06:03.155 GMT-0000,3464.426,3452.7790000000005,0.02,0.02
26.03.2021 08:06:03.964 GMT-0000,3464.3440000000005,3453.451,0.02,0.0075
26.03.2021 08:06:04.388 GMT-0000,3464.426,3452.533,0.02,0.02
26.03.2021 08:06:12.100 GMT-0000,3465.5490000000004,3452.697,0.02,0.02
26.03.2021 08:06:13.645 GMT-0000,3463.426,3453.656,0.02,0.02
26.03.2021 08:06:13.754 GMT-0000,3463,3454.5740000000005,0.02,0.02
26.03.2021 08:06:14.064 GMT-0000,3464.385,3454.6150000000002,0.02,0.02
26.03.2021 08:06:31.913 GMT-0000,3463.303,3454.738,0.0075,0.02
26.03.2021 08:06:32.636 GMT-0000,3462.303,3454.697,0.0075,0.0075
26.03.2021 08:06:32.686 GMT-0000,3464.303,3455.738,0.02,0.02
26.03.2021 08:06:32.790 GMT-0000,3465.5490000000004,3456,0.02,0.02
26.03.2021 08:06:33.062 GMT-0000,3466.5490000000004,3455.5740000000005,0.02,0.02
26.03.2021 08:06:33.958 GMT-0000,3465.303,3456.492,0.02,0.02
26.03.2021 08:06:34.162 GMT-0000,3469.303,3456.6150000000002,0.02,0.02
26.03.2021 08:06:34.444 GMT-0000,3466.221,3456.6150000000002,0.02,0.02
26.03.2021 08:06:34.867 GMT-0000,3466.1800000000003,3459.656,0.0075,0.0075
26.03.2021 08:06:34.918 GMT-0000,3473.3440000000005,3459.697,0.02,0.02
26.03.2021 08:06:35.427 GMT-0000,3479.508,3462.492,0.02,0.02
26.03.2021 08:06:35.504 GMT-0000,3475.221,3462.533,0.0075,0.02
26.03.2021 08:06:35.604 GMT-0000,3477.5490000000004,3462.6150000000002,0.02,0.02
26.03.2021 08:06:35.707 GMT-0000,3476.221,3462.533,0.02,0.02
26.03.2021 08:06:35.944 GMT-0000,3476.262,3463.5740000000005,0.02,0.0075
26.03.2021 08:06:36.045 GMT-0000,3476.5490000000004,3464.656,0.02,0.02
26.03.2021 08:06:36.208 GMT-0000,3474.3440000000005,3464.5740000000005,0.0075,0.02
26.03.2021 08:06:36.418 GMT-0000,3477.385,3464.82,0.02,0.02
26.03.2021 08:06:36.468 GMT-0000,3473.508,3464.6150000000002,0.02,0.02
26.03.2021 08:06:36.518 GMT-0000,3476.426,3464.533,0.02,0.02
26.03.2021 08:06:37.155 GMT-0000,3473.221,3464.82,0.02,0.02
26.03.2021 08:06:37.317 GMT-0000,3476.385,3464.492,0.02,0.02
26.03.2021 08:06:38.245 GMT-0000,3473.262,3465,0.0075,0.02
26.03.2021 08:06:38.296 GMT-0000,3470.3440000000005,3460.7790000000005,0.02,0.02
26.03.2021 08:06:38.346 GMT-0000,3464.3440000000005,3457.492,0.02,0.02
26.03.2021 08:06:38.702 GMT-0000,3464.303,3456.82,0.02,0.02
26.03.2021 08:06:38.950 GMT-0000,3465.3440000000005,3456.656,0.02,0.02
26.03.2021 08:06:40.308 GMT-0000,3465.1800000000003,3459.738,0.02,0.0075
26.03.2021 08:06:41.547 GMT-0000,3471.426,3459.6150000000002,0.02,0.02
26.03.2021 08:06:41.597 GMT-0000,3467.303,3457.5740000000005,0.02,0.02
26.03.2021 08:06:41.704 GMT-0000,3467.3440000000005,3459.7790000000005,0.02,0.0075
26.03.2021 08:06:45.699 GMT-0000,3466.221,3459.7790000000005,0.0075,0.02
26.03.2021 08:06:55.738 GMT-0000,3471.467,3459.533,0.02,0.02
26.03.2021 08:07:04.296 GMT-0000,3468.1800000000003,3459.656,0.0075,0.02
26.03.2021 08:07:09.364 GMT-0000,3467.303,3459.656,0.0075,0.0075
26.03.2021 08:07:09.414 GMT-0000,3463.385,3447,0.02,0.02
26.03.2021 08:07:09.465 GMT-0000,3462.467,3445.6150000000002,0.02,0.02
26.03.2021 08:07:09.569 GMT-0000,3458.385,3449.656,0.02,0.02
26.03.2021 08:07:12.372 GMT-0000,3458.467,3451.492,0.0075,0.0075
26.03.2021 08:07:12.423 GMT-0000,3460.1800000000003,3451.697,0.02,0.02
26.03.2021 08:07:18.389 GMT-0000,3459.426,3451.451,0.0075,0.02
26.03.2021 08:07:26.948 GMT-0000,3455.508,3451.6150000000002,0.0075,0.0075
26.03.2021 08:07:26.998 GMT-0000,3453.426,3442,0.02,0.02
26.03.2021 08:07:27.144 GMT-0000,3453.1800000000003,3444.492,0.02,0.0075
26.03.2021 08:07:27.195 GMT-0000,3456.385,3444.697,0.02,0.02
26.03.2021 08:07:31.754 GMT-0000,3458.262,3445,0.02,0.02
26.03.2021 08:07:32.500 GMT-0000,3458.262,3446.6150000000002,0.0075,0.0075
26.03.2021 08:07:32.550 GMT-0000,3459.262,3446.492,0.02,0.02
26.03.2021 08:07:36.007 GMT-0000,3460.426,3448.6150000000002,0.02,0.02
26.03.2021 08:07:40.616 GMT-0000,3460.5490000000004,3452.7790000000005,0.0075,0.0075
26.03.2021 08:07:40.666 GMT-0000,3464.467,3452.533,0.02,0.02
26.03.2021 08:07:40.776 GMT-0000,3464.467,3451.6150000000002,0.02,0.02
26.03.2021 08:07:40.888 GMT-0000,3464,3450.5740000000005,0.02,0.02
26.03.2021 08:07:51.619 GMT-0000,3464.385,3452.697,0.02,0.02
26.03.2021 08:07:51.704 GMT-0000,3464.508,3451.738,0.02,0.02
26.03.2021 08:07:52.752 GMT-0000,3465.1800000000003,3452,0.02,0.02
26.03.2021 08:08:03.022 GMT-0000,3465.1800000000003,3452.697,0.02,0.0075
26.03.2021 08:08:03.073 GMT-0000,3466.303,3452.533,0.02,0.02
26.03.2021 08:08:06.316 GMT-0000,3465.221,3453,0.0075,0.02
26.03.2021 08:08:06.417 GMT-0000,3464.1800000000003,3452.6150000000002,0.02,0.02
26.03.2021 08:08:07.808 GMT-0000,3464.508,3454.7790000000005,0.0075,0.0075
26.03.2021 08:08:09.264 GMT-0000,3465.262,3453.6150000000002,0.02,0.02
26.03.2021 08:08:09.918 GMT-0000,3462.426,3454,0.0075,0.0075
26.03.2021 08:08:09.968 GMT-0000,3462.508,3450.5740000000005,0.02,0.02
26.03.2021 08:08:10.215 GMT-0000,3460.5490000000004,3450.5740000000005,0.0075,0.0075
26.03.2021 08:08:10.266 GMT-0000,3460.262,3449,0.02,0.02
26.03.2021 08:08:12.624 GMT-0000,3460.262,3447.451,0.02,0.02
26.03.2021 08:08:14.621 GMT-0000,3461.467,3447,0.02,0.02
26.03.2021 08:08:20.401 GMT-0000,3462.221,3446.492,0.02,0.02
26.03.2021 08:08:21.760 GMT-0000,3461.385,3446.533,0.02,0.02
26.03.2021 08:08:27.669 GMT-0000,3460.385,3446.697,0.0075,0.02
26.03.2021 08:08:38.320 GMT-0000,3459.467,3447.656,0.0075,0.0075
26.03.2021 08:08:38.498 GMT-0000,3459.262,3449.451,0.0075,0.0075
26.03.2021 08:08:38.548 GMT-0000,3460.3440000000005,3449.451,0.02,0.02
26.03.2021 08:08:38.789 GMT-0000,3462.262,3449.6150000000002,0.02,0.02
26.03.2021 08:08:40.304 GMT-0000,3463.303,3449.492,0.02,0.02
26.03.2021 08:08:48.932 GMT-0000,3463.221,3450.5740000000005,0.02,0.02
26.03.2021 08:08:58.227 GMT-0000,3461.426,3449.738,0.02,0.02
26.03.2021 08:09:03.500 GMT-0000,3460.221,3449.533,0.0075,0.02
26.03.2021 08:09:04.538 GMT-0000,3460.3440000000005,3452,0.02,0.02
26.03.2021 08:09:06.908 GMT-0000,3459.3440000000005,3451.82,0.0075,0.02
26.03.2021 08:09:12.825 GMT-0000,3458,3452,0.02,0.02
26.03.2021 08:09:22.666 GMT-0000,3458.508,3453,0.02,0.0075
26.03.2021 08:09:22.716 GMT-0000,3461.3440000000005,3452.697,0.02,0.02
26.03.2021 08:09:23.093 GMT-0000,3458.467,3452.7790000000005,0.0075,0.0075
26.03.2021 08:09:23.144 GMT-0000,3458.385,3451.738,0.02,0.02
26.03.2021 08:09:24.692 GMT-0000,3456.221,3451.451,0.0075,0.0075
26.03.2021 08:09:24.742 GMT-0000,3456.221,3446.697,0.02,0.02
26.03.2021 08:09:24.843 GMT-0000,3456.385,3447.656,0.02,0.02
26.03.2021 08:09:24.983 GMT-0000,3454.467,3446.492,0.02,0.02
26.03.2021 08:09:25.034 GMT-0000,3454.5490000000004,3445.738,0.02,0.02
26.03.2021 08:09:26.604 GMT-0000,3454,3448,0.02,0.02
26.03.2021 08:09:43.410 GMT-0000,3457.303,3447.6150000000002,0.02,0.02
26.03.2021 08:09:57.170 GMT-0000,3456.426,3447.5740000000005,0.0075,0.02
26.03.2021 08:10:02.604 GMT-0000,3454.303,3447.82,0.02,0.02
26.03.2021 08:10:05.033 GMT-0000,3450.303,3440.738,0.02,0.02
26.03.2021 08:10:05.134 GMT-0000,3448.508,3437.7790000000005,0.02,0.02
26.03.2021 08:10:05.403 GMT-0000,3448.426,3439.82,0.02,0.0075
26.03.2021 08:10:07.126 GMT-0000,3448.1800000000003,3444.656,0.0075,0.0075
26.03.2021 08:10:07.176 GMT-0000,3452.3440000000005,3444.492,0.02,0.02
26.03.2021 08:10:07.227 GMT-0000,3452.426,3443.82,0.02,0.02
26.03.2021 08:10:08.038 GMT-0000,3452.5490000000004,3445,0.02,0.0075
26.03.2021 08:10:08.139 GMT-0000,3453.262,3445,0.02,0.02
26.03.2021 08:10:08.296 GMT-0000,3454.385,3444.7790000000005,0.0075,0.02
26.03.2021 08:10:11.260 GMT-0000,3453.385,3444.6150000000002,0.0075,0.02
26.03.2021 08:10:12.748 GMT-0000,3452.1800000000003,3444.656,0.0075,0.02
26.03.2021 08:10:18.594 GMT-0000,3448.303,3445,0.0075,0.02
26.03.2021 08:10:18.644 GMT-0000,3452,3447.6150000000002,0.02,0.02
26.03.2021 08:10:18.695 GMT-0000,3448.221,3442.7790000000005,0.02,0.02
26.03.2021 08:10:18.795 GMT-0000,3452,3443,0.02,0.02
26.03.2021 08:10:19.045 GMT-0000,3450.1800000000003,3442.6150000000002,0.0075,0.02
26.03.2021 08:10:22.145 GMT-0000,3450.508,3444.492,0.0075,0.0075
26.03.2021 08:10:22.195 GMT-0000,3455.467,3444.5740000000005,0.02,0.02
26.03.2021 08:10:22.312 GMT-0000,3455.5490000000004,3446.7790000000005,0.0075,0.0075
26.03.2021 08:10:22.362 GMT-0000,3456.3440000000005,3446.738,0.02,0.02
26.03.2021 08:10:23.585 GMT-0000,3455,3447,0.0075,0.02
26.03.2021 08:10:26.845 GMT-0000,3454,3446.82,0.0075,0.0075
26.03.2021 08:10:26.896 GMT-0000,3454.426,3445,0.02,0.02
26.03.2021 08:10:28.557 GMT-0000,3454.508,3445.82,0.02,0.02
26.03.2021 08:10:32.247 GMT-0000,3455.303,3445.492,0.02,0.02
26.03.2021 08:10:35.782 GMT-0000,3454.385,3445.451,0.0075,0.02
26.03.2021 08:10:42.239 GMT-0000,3454.508,3448.82,0.0075,0.0075
26.03.2021 08:10:42.298 GMT-0000,3458.426,3448.6150000000002,0.02,0.02
26.03.2021 08:10:43.555 GMT-0000,3458.385,3450.7790000000005,0.0075,0.0075
26.03.2021 08:10:43.605 GMT-0000,3459.3440000000005,3450.451,0.02,0.02
26.03.2021 08:10:47.167 GMT-0000,3458.221,3450.492,0.02,0.02
26.03.2021 08:10:50.536 GMT-0000,3459.1800000000003,3450.656,0.02,0.02
26.03.2021 08:10:51.844 GMT-0000,3458.3440000000005,3450.697,0.0075,0.02
26.03.2021 08:10:56.359 GMT-0000,3459.1800000000003,3450.451,0.02,0.02
26.03.2021 08:11:09.143 GMT-0000,3460.426,3450.6150000000002,0.02,0.02
26.03.2021 08:11:13.645 GMT-0000,3458.426,3450.451,0.0075,0.02
26.03.2021 08:11:17.595 GMT-0000,3459.221,3450.6150000000002,0.02,0.02
26.03.2021 08:11:20.802 GMT-0000,3460.303,3452.533,0.02,0.02
26.03.2021 08:11:25.039 GMT-0000,3459.426,3452.7790000000005,0.0075,0.02
26.03.2021 08:11:25.089 GMT-0000,3459.426,3450.6150000000002,0.02,0.02
26.03.2021 08:11:25.406 GMT-0000,3458.221,3450.533,0.0075,0.02
26.03.2021 08:11:49.045 GMT-0000,3457.508,3450.492,0.0075,0.02
26.03.2021 08:11:51.750 GMT-0000,3457.221,3449.697,0.02,0.02
26.03.2021 08:11:51.800 GMT-0000,3457.385,3450.451,0.02,0.02
26.03.2021 08:11:52.163 GMT-0000,3457.508,3449.533,0.02,0.02
26.03.2021 08:11:52.693 GMT-0000,3455.5490000000004,3449.7790000000005,0.0075,0.0075
26.03.2021 08:11:52.743 GMT-0000,3455.385,3448.492,0.02,0.02
26.03.2021 08:11:57.356 GMT-0000,3455.467,3449.5740000000005,0.0075,0.0075
26.03.2021 08:11:57.406 GMT-0000,3459.262,3450.7790000000005,0.02,0.02
26.03.2021 08:11:58.372 GMT-0000,3457.3440000000005,3450.656,0.0075,0.02
26.03.2021 08:11:58.604 GMT-0000,3457,3449.82,0.02,0.02
26.03.2021 08:11:58.900 GMT-0000,3457.221,3450.7790000000005,0.02,0.0075
26.03.2021 08:11:59.273 GMT-0000,3457.221,3449.533,0.02,0.02
26.03.2021 08:12:00.850 GMT-0000,3457,3450.82,0.02,0.0075
26.03.2021 08:12:05.655 GMT-0000,3457.303,3449.5740000000005,0.02,0.02
26.03.2021 08:12:06.027 GMT-0000,3456.385,3448.533,0.02,0.02
26.03.2021 08:12:08.952 GMT-0000,3456.303,3450.656,0.02,0.0075
26.03.2021 08:12:10.563 GMT-0000,3459.385,3450.7790000000005,0.02,0.02
26.03.2021 08:12:10.704 GMT-0000,3457.262,3450.492,0.0075,0.02
26.03.2021 08:12:21.590 GMT-0000,3457.262,3449.738,0.02,0.02
26.03.2021 08:12:21.690 GMT-0000,3456.467,3448.697,0.02,0.02
26.03.2021 08:12:24.373 GMT-0000,3455.221,3449,0.0075,0.02
26.03.2021 08:12:24.424 GMT-0000,3455.5490000000004,3447,0.02,0.02
26.03.2021 08:12:26.516 GMT-0000,3454.303,3446.533,0.0075,0.0075
26.03.2021 08:12:26.566 GMT-0000,3454.262,3445.82,0.02,0.02
26.03.2021 08:12:26.631 GMT-0000,3452.508,3445.82,0.0075,0.02
26.03.2021 08:12:31.647 GMT-0000,3452.262,3447,0.02,0.0075
26.03.2021 08:12:31.747 GMT-0000,3452.221,3445.5740000000005,0.02,0.02
26.03.2021 08:12:36.366 GMT-0000,3453.3440000000005,3444.533,0.02,0.02
26.03.2021 08:12:55.464 GMT-0000,3453.5490000000004,3443.492,0.02,0.02
26.03.2021 08:12:55.515 GMT-0000,3451.262,3443.82,0.02,0.02
26.03.2021 08:12:56.011 GMT-0000,3450.3440000000005,3443.533,0.02,0.02
26.03.2021 08:12:56.112 GMT-0000,3449.1800000000003,3443.6150000000002,0.0075,0.0075
26.03.2021 08:12:56.163 GMT-0000,3449.1800000000003,3442.738,0.02,0.02
26.03.2021 08:12:57.219 GMT-0000,3449.426,3441.492,0.02,0.02
26.03.2021 08:12:57.905 GMT-0000,3449.303,3442.82,0.02,0.0075
26.03.2021 08:12:58.392 GMT-0000,3449.467,3440.492,0.02,0.02
26.03.2021 08:12:58.558 GMT-0000,3450.262,3443,0.02,0.0075
26.03.2021 08:13:00.220 GMT-0000,3451,3443,0.02,0.02
26.03.2021 08:13:01.181 GMT-0000,3450.303,3442.697,0.0075,0.02
26.03.2021 08:13:01.407 GMT-0000,3449.262,3442.697,0.02,0.02
26.03.2021 08:14:09.692 GMT-0000,3448.385,3442.533,0.0075,0.02
26.03.2021 08:14:12.639 GMT-0000,3447.221,3442.6150000000002,0.0075,0.02
26.03.2021 08:14:14.504 GMT-0000,3446.3440000000005,3442.6150000000002,0.0075,0.02
26.03.2021 08:14:30.480 GMT-0000,3446,3438.82,0.02,0.02
26.03.2021 08:14:30.589 GMT-0000,3447.262,3438.533,0.02,0.02
26.03.2021 08:14:30.639 GMT-0000,3445.221,3438.697,0.02,0.02
26.03.2021 08:14:31.866 GMT-0000,3445.385,3436.492,0.02,0.02
26.03.2021 08:14:47.076 GMT-0000,3444.508,3437,0.0075,0.0075
26.03.2021 08:14:47.126 GMT-0000,3442.1800000000003,3432,0.02,0.02
26.03.2021 08:14:50.308 GMT-0000,3442.262,3434.6150000000002,0.0075,0.0075
26.03.2021 08:14:50.358 GMT-0000,3444.5490000000004,3435,0.02,0.02
26.03.2021 08:15:01.351 GMT-0000,3440,3435,0.0075,0.02
26.03.2021 08:15:05.291 GMT-0000,3440,3435.451,0.02,0.0075
26.03.2021 08:15:07.620 GMT-0000,3440.426,3434.7790000000005,0.02,0.02
26.03.2021 08:15:09.185 GMT-0000,3439.385,3435,0.0075,0.02
26.03.2021 08:15:14.987 GMT-0000,3438.3440000000005,3434.6150000000002,0.0075,0.02
26.03.2021 08:15:22.251 GMT-0000,3439.5490000000004,3434.7790000000005,0.02,0.02
26.03.2021 08:15:23.117 GMT-0000,3438.467,3435,0.02,0.02
26.03.2021 08:15:31.354 GMT-0000,3439.385,3434.5740000000005,0.02,0.02
26.03.2021 08:15:37.477 GMT-0000,3438.1800000000003,3434.697,0.02,0.02
26.03.2021 08:15:56.121 GMT-0000,3435.303,3433.5,0.0075,0.0075
26.03.2021 08:15:56.171 GMT-0000,3434.426,3425.738,0.02,0.02
26.03.2021 08:15:56.346 GMT-0000,3434,3426.656,0.02,0.0075
26.03.2021 08:15:57.209 GMT-0000,3434.426,3425.6150000000002,0.02,0.02
26.03.2021 08:15:57.554 GMT-0000,3434.221,3426.492,0.02,0.0075
26.03.2021 08:15:58.158 GMT-0000,3435.303,3429.738,0.02,0.02
26.03.2021 08:16:00.716 GMT-0000,3435,3430.5740000000005,0.02,0.0075
26.03.2021 08:16:01.822 GMT-0000,3438.5490000000004,3430.82,0.02,0.02
26.03.2021 08:16:02.796 GMT-0000,3439,3431,0.02,0.02
26.03.2021 08:16:02.892 GMT-0000,3438.1800000000003,3430.738,0.0075,0.02
26.03.2021 08:16:07.777 GMT-0000,3440.385,3430.697,0.02,0.02
26.03.2021 08:16:07.884 GMT-0000,3441.5490000000004,3431,0.02,0.02
26.03.2021 08:16:08.382 GMT-0000,3441.221,3431.656,0.02,0.0075
26.03.2021 08:16:08.483 GMT-0000,3439.385,3435,0.02,0.02
26.03.2021 08:16:08.533 GMT-0000,3441.5490000000004,3434.6150000000002,0.02,0.02
26.03.2021 08:16:12.625 GMT-0000,3442.426,3434.492,0.02,0.02
26.03.2021 08:16:12.909 GMT-0000,3441,3434.533,0.0075,0.02
26.03.2021 08:16:15.537 GMT-0000,3442.508,3435,0.02,0.02
26.03.2021 08:16:19.636 GMT-0000,3442.262,3436.5740000000005,0.02,0.0075
26.03.2021 08:16:51.692 GMT-0000,3442.221,3437.738,0.02,0.0075
26.03.2021 08:17:02.718 GMT-0000,3442.221,3438.82,0.0075,0.0075
26.03.2021 08:17:02.768 GMT-0000,3445.1800000000003,3439,0.02,0.02
26.03.2021 08:17:03.093 GMT-0000,3445.467,3441,0.02,0.0075
26.03.2021 08:17:03.143 GMT-0000,3446.221,3440.6150000000002,0.02,0.02
26.03.2021 08:17:06.981 GMT-0000,3446.262,3441.697,0.02,0.02
26.03.2021 08:17:08.995 GMT-0000,3446.426,3439.5740000000005,0.02,0.02
26.03.2021 08:17:18.749 GMT-0000,3446,3442.82,0.02,0.0075
26.03.2021 08:17:18.799 GMT-0000,3447,3442.738,0.02,0.02
26.03.2021 08:17:19.051 GMT-0000,3448.1800000000003,3442.451,0.02,0.02
26.03.2021 08:17:23.434 GMT-0000,3447.467,3442.6150000000002,0.02,0.02
26.03.2021 08:17:23.626 GMT-0000,3448.221,3442.697,0.02,0.02
26.03.2021 08:17:25.951 GMT-0000,3444.467,3442.25,0.0075,0.0075
26.03.2021 08:17:26.002 GMT-0000,3444.1800000000003,3433.656,0.02,0.02
26.03.2021 08:17:26.139 GMT-0000,3443.303,3434,0.0075,0.02
26.03.2021 08:17:26.308 GMT-0000,3443.3440000000005,3435.738,0.02,0.0075
26.03.2021 08:17:28.946 GMT-0000,3443,3436.7790000000005,0.02,0.02
26.03.2021 08:17:30.155 GMT-0000,3443.467,3438.5740000000005,0.02,0.0075
26.03.2021 08:17:30.300 GMT-0000,3444.303,3438.7790000000005,0.02,0.02
26.03.2021 08:17:34.464 GMT-0000,3443,3436.451,0.02,0.02
26.03.2021 08:17:34.575 GMT-0000,3443,3437.738,0.0075,0.0075
26.03.2021 08:17:34.625 GMT-0000,3445.467,3437.738,0.02,0.02
26.03.2021 08:17:38.573 GMT-0000,3444.467,3437.738,0.02,0.02
26.03.2021 08:18:00.760 GMT-0000,3446.303,3438.451,0.02,0.02
26.03.2021 08:18:02.395 GMT-0000,3447.303,3438.7790000000005,0.02,0.02
26.03.2021 08:18:02.603 GMT-0000,3447.385,3437.492,0.02,0.02
26.03.2021 08:18:03.104 GMT-0000,3447.221,3440.7790000000005,0.02,0.0075
26.03.2021 08:18:04.033 GMT-0000,3447.5490000000004,3439.7790000000005,0.02,0.02
26.03.2021 08:18:09.957 GMT-0000,3447.303,3438.738,0.02,0.0075
26.03.2021 08:18:10.805 GMT-0000,3445.303,3438.5740000000005,0.0075,0.0075
26.03.2021 08:18:10.855 GMT-0000,3445.1800000000003,3437.697,0.02,0.02
26.03.2021 08:18:18.122 GMT-0000,3445,3438.697,0.02,0.0075
26.03.2021 08:18:19.343 GMT-0000,3445.221,3437.533,0.02,0.02
26.03.2021 08:18:20.056 GMT-0000,3445.385,3438.6150000000002,0.02,0.0075
26.03.2021 08:18:25.334 GMT-0000,3445.221,3437.656,0.02,0.02
26.03.2021 08:18:30.593 GMT-0000,3445.426,3439,0.02,0.0075
26.03.2021 08:18:33.001 GMT-0000,3445.3440000000005,3437.5740000000005,0.02,0.02
26.03.2021 08:18:35.972 GMT-0000,3443.303,3437.82,0.0075,0.0075
26.03.2021 08:18:36.022 GMT-0000,3443.426,3435.697,0.02,0.02
26.03.2021 08:18:36.122 GMT-0000,3442,3435.451,0.0075,0.0075
26.03.2021 08:18:36.173 GMT-0000,3442.508,3434.697,0.02,0.02
26.03.2021 08:18:40.416 GMT-0000,3442.5490000000004,3437.82,0.02,0.0075
26.03.2021 08:18:40.467 GMT-0000,3443,3437.451,0.02,0.02
26.03.2021 08:18:40.600 GMT-0000,3443.3440000000005,3437,0.02,0.02
26.03.2021 08:18:40.766 GMT-0000,3443.5490000000004,3437.82,0.0075,0.0075
26.03.2021 08:18:40.816 GMT-0000,3445.1800000000003,3437.697,0.02,0.02
26.03.2021 08:18:40.946 GMT-0000,3445,3436.7790000000005,0.02,0.02
26.03.2021 08:18:45.504 GMT-0000,3445.426,3439.6150000000002,0.0075,0.0075
26.03.2021 08:18:45.554 GMT-0000,3447.1800000000003,3439.697,0.02,0.02
26.03.2021 08:18:45.619 GMT-0000,3446.221,3439.7790000000005,0.0075,0.02
26.03.2021 08:19:07.762 GMT-0000,3446,3438.697,0.02,0.02
26.03.2021 08:19:11.943 GMT-0000,3445.221,3439,0.0075,0.0075
26.03.2021 08:19:11.994 GMT-0000,3445.262,3437.533,0.02,0.02
26.03.2021 08:19:12.131 GMT-0000,3445.303,3438.5740000000005,0.0075,0.0075
26.03.2021 08:19:12.181 GMT-0000,3446.221,3438.533,0.02,0.02
26.03.2021 08:19:17.114 GMT-0000,3446.221,3439.82,0.02,0.02
26.03.2021 08:19:29.595 GMT-0000,3445.508,3438.697,0.02,0.02
26.03.2021 08:19:29.746 GMT-0000,3446.303,3438.82,0.02,0.02
26.03.2021 08:19:49.968 GMT-0000,3446.426,3439.738,0.02,0.02
26.03.2021 08:19:50.509 GMT-0000,3446.221,3440.656,0.0075,0.0075
26.03.2021 08:19:50.660 GMT-0000,3447.262,3440.5740000000005,0.02,0.02
26.03.2021 08:19:53.938 GMT-0000,3447.1800000000003,3442.451,0.02,0.0075
26.03.2021 08:20:02.311 GMT-0000,3448.1800000000003,3442.533,0.02,0.02
26.03.2021 08:20:04.419 GMT-0000,3447.467,3442.5740000000005,0.0075,0.0075
26.03.2021 08:20:04.470 GMT-0000,3447.3440000000005,3440.5740000000005,0.02,0.02
26.03.2021 08:20:09.198 GMT-0000,3446.303,3440.697,0.02,0.02
26.03.2021 08:20:14.544 GMT-0000,3446.303,3442.697,0.02,0.0075
26.03.2021 08:20:14.594 GMT-0000,3446,3440.5740000000005,0.02,0.02
26.03.2021 08:20:14.757 GMT-0000,3446.5490000000004,3441.7790000000005,0.0075,0.0075
26.03.2021 08:20:14.808 GMT-0000,3448.1800000000003,3441.738,0.02,0.02
26.03.2021 08:20:14.858 GMT-0000,3447.303,3440.492,0.02,0.02
26.03.2021 08:20:14.908 GMT-0000,3447.426,3439.6150000000002,0.02,0.02
26.03.2021 08:20:14.959 GMT-0000,3447.426,3440.656,0.02,0.02
26.03.2021 08:20:15.009 GMT-0000,3448.508,3440.6150000000002,0.02,0.02
26.03.2021 08:20:17.761 GMT-0000,3447.303,3440.5740000000005,0.0075,0.02
26.03.2021 08:20:20.904 GMT-0000,3447.385,3442.738,0.02,0.02
26.03.2021 08:20:26.069 GMT-0000,3447.5490000000004,3440.697,0.02,0.02
26.03.2021 08:20:28.443 GMT-0000,3447.303,3443,0.02,0.0075
26.03.2021 08:20:28.543 GMT-0000,3448.508,3442.451,0.02,0.02
26.03.2021 08:20:34.386 GMT-0000,3449.467,3442.5740000000005,0.02,0.02
26.03.2021 08:20:35.986 GMT-0000,3448.426,3442.7790000000005,0.0075,0.02
26.03.2021 08:20:46.940 GMT-0000,3448.467,3443.451,0.0075,0.0075
26.03.2021 08:20:46.990 GMT-0000,3449.3440000000005,3443.451,0.02,0.02
26.03.2021 08:20:48.662 GMT-0000,3449.385,3445,0.02,0.02
26.03.2021 08:20:51.852 GMT-0000,3449.426,3443.5740000000005,0.02,0.02
26.03.2021 08:20:53.221 GMT-0000,3448.262,3443.697,0.0075,0.02
26.03.2021 08:20:58.403 GMT-0000,3447.221,3443.533,0.0075,0.0075
26.03.2021 08:20:58.453 GMT-0000,3446.221,3440.656,0.02,0.02
26.03.2021 08:21:00.077 GMT-0000,3446.385,3439.656,0.02,0.02
26.03.2021 08:21:00.533 GMT-0000,3446.467,3441,0.02,0.02
26.03.2021 08:21:02.293 GMT-0000,3446.3440000000005,3440,0.02,0.02
26.03.2021 08:21:04.711 GMT-0000,3446.1800000000003,3441,0.02,0.02
26.03.2021 08:21:12.884 GMT-0000,3444.508,3440.5740000000005,0.0075,0.0075
26.03.2021 08:21:12.935 GMT-0000,3444.5490000000004,3438.6150000000002,0.02,0.02
26.03.2021 08:21:13.070 GMT-0000,3444.221,3437.6150000000002,0.02,0.02
26.03.2021 08:21:18.529 GMT-0000,3446.221,3440,0.02,0.02
26.03.2021 08:21:21.904 GMT-0000,3446.467,3441.5740000000005,0.02,0.0075
26.03.2021 08:21:27.603 GMT-0000,3446.262,3442.451,0.02,0.0075
26.03.2021 08:21:39.500 GMT-0000,3445.385,3443,0.0075,0.02
26.03.2021 08:21:39.551 GMT-0000,3445,3439.492,0.02,0.02
26.03.2021 08:21:49.516 GMT-0000,3443.467,3440.492,0.0075,0.0075
26.03.2021 08:21:49.567 GMT-0000,3443.262,3438,0.02,0.02
26.03.2021 08:21:49.617 GMT-0000,3443,3438.5740000000005,0.02,0.02
26.03.2021 08:21:49.777 GMT-0000,3443.262,3439.451,0.0075,0.0075
26.03.2021 08:21:49.827 GMT-0000,3444.221,3439.451,0.02,0.02
26.03.2021 08:21:51.543 GMT-0000,3443.467,3439.451,0.0075,0.02
26.03.2021 08:21:54.988 GMT-0000,3441.385,3439.5740000000005,0.0075,0.0075
26.03.2021 08:21:55.039 GMT-0000,3441.3440000000005,3436.451,0.02,0.02
26.03.2021 08:21:58.169 GMT-0000,3439.262,3432.492,0.02,0.02
26.03.2021 08:21:58.219 GMT-0000,3439.385,3433.5740000000005,0.02,0.02
26.03.2021 08:21:59.388 GMT-0000,3439.426,3432.738,0.02,0.02
26.03.2021 08:22:04.945 GMT-0000,3439.221,3433.656,0.02,0.0075
26.03.2021 08:22:05.046 GMT-0000,3438.303,3434,0.02,0.02
26.03.2021 08:22:05.188 GMT-0000,3437.467,3432.738,0.02,0.02
26.03.2021 08:22:05.513 GMT-0000,3437.262,3433.533,0.0075,0.0075
26.03.2021 08:22:05.563 GMT-0000,3438.467,3433.738,0.02,0.02
26.03.2021 08:22:06.960 GMT-0000,3437.1800000000003,3433.738,0.0075,0.0075
26.03.2021 08:22:07.011 GMT-0000,3437.3440000000005,3432.451,0.02,0.02
26.03.2021 08:22:09.055 GMT-0000,3437.303,3433.451,0.02,0.0075
26.03.2021 08:22:09.156 GMT-0000,3438.508,3433.6150000000002,0.02,0.02
26.03.2021 08:22:11.796 GMT-0000,3437.262,3434,0.02,0.02
26.03.2021 08:22:17.490 GMT-0000,3434.467,3431.7790000000005,0.02,0.02
26.03.2021 08:22:17.541 GMT-0000,3437.508,3431.7790000000005,0.02,0.02
26.03.2021 08:22:17.641 GMT-0000,3437.262,3430.738,0.02,0.02
26.03.2021 08:22:17.833 GMT-0000,3437,3432.5740000000005,0.02,0.0075
26.03.2021 08:22:18.070 GMT-0000,3437.5490000000004,3431.7790000000005,0.02,0.02
26.03.2021 08:22:19.305 GMT-0000,3436.5490000000004,3432,0.0075,0.02
26.03.2021 08:22:19.406 GMT-0000,3435.385,3429.738,0.02,0.02
26.03.2021 08:22:20.171 GMT-0000,3435.385,3428.6150000000002,0.02,0.02
26.03.2021 08:22:22.804 GMT-0000,3433.5490000000004,3428.697,0.0075,0.0075
26.03.2021 08:22:22.854 GMT-0000,3433.467,3427.5740000000005,0.02,0.02
26.03.2021 08:22:25.317 GMT-0000,3433.5490000000004,3429.738,0.0075,0.0075
26.03.2021 08:22:25.368 GMT-0000,3434.385,3429.6150000000002,0.02,0.02
26.03.2021 08:22:28.409 GMT-0000,3434.467,3430.738,0.02,0.02
26.03.2021 08:22:28.559 GMT-0000,3434,3429.656,0.02,0.02
26.03.2021 08:22:28.637 GMT-0000,3434.303,3430.738,0.02,0.0075
26.03.2021 08:22:30.546 GMT-0000,3438.1800000000003,3431.492,0.02,0.02
26.03.2021 08:22:30.662 GMT-0000,3438.221,3430.492,0.02,0.02
26.03.2021 08:22:30.713 GMT-0000,3439,3430.656,0.02,0.02
26.03.2021 08:22:32.581 GMT-0000,3438.5490000000004,3430.533,0.0075,0.02
26.03.2021 08:22:35.268 GMT-0000,3439.426,3430.451,0.02,0.02
26.03.2021 08:22:37.304 GMT-0000,3439,3432.697,0.02,0.0075
26.03.2021 08:22:58.512 GMT-0000,3440.221,3432.82,0.02,0.02
26.03.2021 08:23:03.701 GMT-0000,3440.467,3433.738,0.0075,0.0075
26.03.2021 08:23:03.752 GMT-0000,3441.385,3433.492,0.02,0.02
26.03.2021 08:23:05.808 GMT-0000,3440.303,3433.656,0.0075,0.02
26.03.2021 08:23:05.968 GMT-0000,3441.426,3433.697,0.02,0.02
26.03.2021 08:24:02.088 GMT-0000,3440.303,3433.492,0.0075,0.02
26.03.2021 08:24:13.572 GMT-0000,3440.221,3436.697,0.0075,0.0075
26.03.2021 08:24:13.622 GMT-0000,3443.5490000000004,3436.492,0.02,0.02
26.03.2021 08:24:13.681 GMT-0000,3443.508,3440,0.0075,0.0075
26.03.2021 08:24:13.731 GMT-0000,3447.3440000000005,3439.82,0.02,0.02
26.03.2021 08:24:13.862 GMT-0000,3447.221,3438.5740000000005,0.02,0.02
26.03.2021 08:24:15.605 GMT-0000,3446.5490000000004,3438.82,0.0075,0.02
26.03.2021 08:24:16.696 GMT-0000,3445.221,3438.533,0.0075,0.02
26.03.2021 08:24:18.111 GMT-0000,3444.426,3438.656,0.0075,0.02
26.03.2021 08:24:18.162 GMT-0000,3444.426,3437.7790000000005,0.02,0.02
26.03.2021 08:24:18.262 GMT-0000,3445.262,3436.533,0.02,0.02
26.03.2021 08:24:20.244 GMT-0000,3445.385,3437.82,0.02,0.0075
26.03.2021 08:24:21.328 GMT-0000,3445,3436.492,0.02,0.02
26.03.2021 08:24:31.156 GMT-0000,3444.221,3436.738,0.0075,0.02
26.03.2021 08:24:31.788 GMT-0000,3444.508,3435.82,0.02,0.02
26.03.2021 08:24:32.636 GMT-0000,3442,3435.533,0.0075,0.0075
26.03.2021 08:24:32.686 GMT-0000,3442,3434.7790000000005,0.02,0.02
26.03.2021 08:24:32.737 GMT-0000,3441.5490000000004,3434.656,0.02,0.02
26.03.2021 08:24:32.787 GMT-0000,3442.262,3435,0.02,0.02
26.03.2021 08:24:43.704 GMT-0000,3442.303,3435.7790000000005,0.02,0.0075
26.03.2021 08:24:45.546 GMT-0000,3441,3435.738,0.02,0.02
26.03.2021 08:24:53.536 GMT-0000,3441.5490000000004,3436.697,0.02,0.02
26.03.2021 08:24:53.587 GMT-0000,3442.508,3436.5740000000005,0.02,0.02
26.03.2021 08:24:53.640 GMT-0000,3442.1800000000003,3436,0.02,0.02
26.03.2021 08:25:02.483 GMT-0000,3441.385,3436,0.02,0.02
26.03.2021 08:25:02.591 GMT-0000,3442.303,3435.697,0.02,0.02
26.03.2021 08:25:02.760 GMT-0000,3441.303,3436.6150000000002,0.02,0.02
26.03.2021 08:25:02.916 GMT-0000,3442.426,3436.738,0.02,0.02
26.03.2021 08:25:34.129 GMT-0000,3441.5490000000004,3436.492,0.0075,0.02
26.03.2021 08:25:34.234 GMT-0000,3440,3432.451,0.02,0.02
26.03.2021 08:25:34.284 GMT-0000,3438.508,3432.656,0.02,0.02
26.03.2021 08:25:52.509 GMT-0000,3438.1800000000003,3434.6150000000002,0.02,0.0075
26.03.2021 08:25:55.712 GMT-0000,3437.303,3435,0.0075,0.0075
26.03.2021 08:25:55.763 GMT-0000,3437.426,3432.492,0.02,0.02
26.03.2021 08:26:01.987 GMT-0000,3435.221,3432.738,0.0075,0.0075
26.03.2021 08:26:02.037 GMT-0000,3435.5490000000004,3427.533,0.02,0.02
26.03.2021 08:26:02.092 GMT-0000,3435.508,3428.533,0.02,0.0075
26.03.2021 08:26:02.884 GMT-0000,3433.467,3428.533,0.0075,0.02
26.03.2021 08:26:02.984 GMT-0000,3434.5490000000004,3428.451,0.02,0.02
26.03.2021 08:26:07.541 GMT-0000,3435.3440000000005,3428.492,0.02,0.02
26.03.2021 08:26:07.692 GMT-0000,3434.508,3428.451,0.02,0.02
26.03.2021 08:26:07.819 GMT-0000,3433.303,3428.5740000000005,0.02,0.02
26.03.2021 08:26:30.504 GMT-0000,3433.467,3429.697,0.0075,0.0075
26.03.2021 08:26:30.554 GMT-0000,3436.385,3429.533,0.02,0.02
26.03.2021 08:26:30.605 GMT-0000,3435.3440000000005,3429.738,0.02,0.02
26.03.2021 08:26:30.763 GMT-0000,3433,3430,0.02,0.0075
26.03.2021 08:26:30.813 GMT-0000,3433.5490000000004,3428.5740000000005,0.02,0.02
26.03.2021 08:26:30.950 GMT-0000,3435.426,3428.82,0.02,0.02
26.03.2021 08:26:43.753 GMT-0000,3436.508,3428.7790000000005,0.02,0.02
26.03.2021 08:26:45.209 GMT-0000,3434.426,3428.7790000000005,0.0075,0.02
26.03.2021 08:26:58.335 GMT-0000,3434.262,3431.697,0.0075,0.0075
26.03.2021 08:26:58.385 GMT-0000,3436.303,3431.7790000000005,0.02,0.02
26.03.2021 08:26:58.577 GMT-0000,3438.221,3432.492,0.02,0.0075
26.03.2021 08:27:00.107 GMT-0000,3438.426,3431.533,0.02,0.02
26.03.2021 08:27:13.022 GMT-0000,3437.262,3430,0.02,0.02
26.03.2021 08:27:13.321 GMT-0000,3436.385,3429.533,0.0075,0.02
26.03.2021 08:27:13.973 GMT-0000,3434.262,3428.492,0.0075,0.02
26.03.2021 08:27:14.125 GMT-0000,3433.303,3428.697,0.02,0.02
26.03.2021 08:28:04.559 GMT-0000,3433.508,3429.6150000000002,0.0075,0.0075
26.03.2021 08:28:04.659 GMT-0000,3437.221,3431.697,0.02,0.02
26.03.2021 08:28:04.856 GMT-0000,3437.385,3432.656,0.02,0.02
26.03.2021 08:28:04.907 GMT-0000,3438.221,3432.5740000000005,0.02,0.02
26.03.2021 08:28:05.062 GMT-0000,3438.1800000000003,3431.5740000000005,0.02,0.02
26.03.2021 08:28:05.401 GMT-0000,3438.5490000000004,3430.82,0.02,0.02
26.03.2021 08:28:06.405 GMT-0000,3438.385,3431.697,0.02,0.02
26.03.2021 08:28:07.020 GMT-0000,3438.385,3430.533,0.02,0.02
26.03.2021 08:28:07.552 GMT-0000,3437.426,3430.7790000000005,0.0075,0.02
26.03.2021 08:28:07.700 GMT-0000,3436.1800000000003,3430.5740000000005,0.0075,0.0075
26.03.2021 08:28:07.751 GMT-0000,3437.5490000000004,3431,0.02,0.02
26.03.2021 08:28:08.191 GMT-0000,3437.5490000000004,3429.7790000000005,0.02,0.02
26.03.2021 08:28:10.496 GMT-0000,3437,3430.738,0.02,0.0075
26.03.2021 08:28:13.640 GMT-0000,3436.303,3431,0.0075,0.0075
26.03.2021 08:28:13.690 GMT-0000,3436.508,3429.697,0.02,0.02
26.03.2021 08:28:15.194 GMT-0000,3437.508,3430.697,0.02,0.0075
26.03.2021 08:28:17.624 GMT-0000,3438.1800000000003,3430.82,0.02,0.02
26.03.2021 08:28:20.338 GMT-0000,3437.303,3430.533,0.0075,0.02
26.03.2021 08:28:22.590 GMT-0000,3438.3440000000005,3430.533,0.02,0.02
26.03.2021 08:28:28.500 GMT-0000,3438.303,3431.82,0.02,0.0075
26.03.2021 08:28:50.967 GMT-0000,3437.508,3430.451,0.02,0.02
26.03.2021 08:28:52.037 GMT-0000,3436.508,3430.492,0.0075,0.02
26.03.2021 08:28:52.215 GMT-0000,3437.262,3430.82,0.02,0.02
26.03.2021 08:28:55.431 GMT-0000,3437.385,3431.82,0.02,0.02
26.03.2021 08:29:03.079 GMT-0000,3437.1800000000003,3433.82,0.0075,0.0075
26.03.2021 08:29:03.129 GMT-0000,3439.508,3433.6150000000002,0.02,0.02
26.03.2021 08:29:03.180 GMT-0000,3439.221,3432.697,0.02,0.02
26.03.2021 08:29:03.230 GMT-0000,3438.5490000000004,3431.7790000000005,0.02,0.02
26.03.2021 08:29:03.604 GMT-0000,3438.262,3432.697,0.02,0.0075
26.03.2021 08:29:03.654 GMT-0000,3438.426,3431.738,0.02,0.02
26.03.2021 08:29:06.247 GMT-0000,3438.5490000000004,3432.492,0.02,0.0075
26.03.2021 08:29:06.848 GMT-0000,3438.426,3431.656,0.02,0.02
26.03.2021 08:29:08.820 GMT-0000,3438.508,3432.697,0.02,0.0075
26.03.2021 08:29:19.295 GMT-0000,3439.467,3432.451,0.02,0.02
26.03.2021 08:29:23.681 GMT-0000,3438.262,3432.82,0.0075,0.02
26.03.2021 08:29:25.354 GMT-0000,3438.3440000000005,3431.738,0.02,0.02
26.03.2021 08:29:27.144 GMT-0000,3437.303,3431.533,0.0075,0.0075
26.03.2021 08:29:27.194 GMT-0000,3437.1800000000003,3430.492,0.02,0.02
26.03.2021 08:29:28.710 GMT-0000,3437.426,3429.6150000000002,0.02,0.02
26.03.2021 08:29:29.200 GMT-0000,3437.221,3430.82,0.02,0.02
26.03.2021 08:29:30.553 GMT-0000,3437.1800000000003,3433,0.02,0.0075
26.03.2021 08:29:30.604 GMT-0000,3437.426,3430.5740000000005,0.02,0.02
26.03.2021 08:29:34.979 GMT-0000,3437,3429.451,0.02,0.02
26.03.2021 08:29:35.500 GMT-0000,3437.262,3430.697,0.02,0.02
26.03.2021 08:29:35.551 GMT-0000,3437.303,3430,0.02,0.02
26.03.2021 08:29:35.601 GMT-0000,3435,3429.697,0.02,0.02
26.03.2021 08:30:01.639 GMT-0000,3435,3431.656,0.02,0.0075
26.03.2021 08:30:04.134 GMT-0000,3434.221,3428.7790000000005,0.02,0.02
26.03.2021 08:30:04.213 GMT-0000,3433.1800000000003,3428.6150000000002,0.0075,0.02
26.03.2021 08:30:14.117 GMT-0000,3433.303,3429.738,0.02,0.0075
26.03.2021 08:30:28.712 GMT-0000,3433.1800000000003,3430.6150000000002,0.02,0.0075
26.03.2021 08:30:31.029 GMT-0000,3433.221,3428.82,0.02,0.02
26.03.2021 08:30:40.013 GMT-0000,3432.1800000000003,3428.5740000000005,0.02,0.02
26.03.2021 08:30:51.500 GMT-0000,3432.508,3429.533,0.0075,0.0075
26.03.2021 08:30:51.550 GMT-0000,3435.303,3429.656,0.02,0.02
26.03.2021 08:30:55.935 GMT-0000,3435.262,3428.7790000000005,0.02,0.02
26.03.2021 08:30:56.909 GMT-0000,3435.221,3429.656,0.02,0.0075
26.03.2021 08:31:00.068 GMT-0000,3435.221,3428.451,0.02,0.02
26.03.2021 08:31:02.625 GMT-0000,3435.1800000000003,3429.7790000000005,0.02,0.0075
26.03.2021 08:31:04.052 GMT-0000,3435.3440000000005,3428.492,0.02,0.02
26.03.2021 08:31:05.302 GMT-0000,3435.3440000000005,3429.738,0.02,0.0075
26.03.2021 08:31:13.184 GMT-0000,3435.5490000000004,3428.492,0.02,0.02
26.03.2021 08:31:13.234 GMT-0000,3434,3429,0.02,0.02
26.03.2021 08:31:22.663 GMT-0000,3434.221,3429.697,0.0075,0.0075
26.03.2021 08:31:22.713 GMT-0000,3435.303,3429.5740000000005,0.02,0.02
26.03.2021 08:31:22.764 GMT-0000,3434.262,3428.697,0.02,0.02
26.03.2021 08:31:28.253 GMT-0000,3435.303,3429.82,0.02,0.02
26.03.2021 08:31:33.370 GMT-0000,3435.426,3428.656,0.02,0.02
26.03.2021 08:31:33.420 GMT-0000,3435.467,3429.492,0.02,0.02
26.03.2021 08:31:34.380 GMT-0000,3435.221,3428.656,0.02,0.02
26.03.2021 08:31:35.368 GMT-0000,3435.221,3429.82,0.02,0.0075
26.03.2021 08:31:38.355 GMT-0000,3435.385,3428.656,0.02,0.02
26.03.2021 08:31:38.775 GMT-0000,3435.508,3429.656,0.02,0.02
26.03.2021 08:31:39.380 GMT-0000,3435.467,3429,0.02,0.02
26.03.2021 08:31:41.415 GMT-0000,3435.303,3429.5740000000005,0.02,0.0075
26.03.2021 08:31:45.174 GMT-0000,3435.262,3428.5740000000005,0.02,0.02
26.03.2021 08:31:45.389 GMT-0000,3434.426,3428.5740000000005,0.0075,0.02
26.03.2021 08:31:57.187 GMT-0000,3435.508,3429.7790000000005,0.02,0.02
26.03.2021 08:32:01.111 GMT-0000,3435.5490000000004,3428.5740000000005,0.02,0.02
26.03.2021 08:32:14.215 GMT-0000,3433.426,3428.697,0.02,0.02
26.03.2021 08:32:28.699 GMT-0000,3433.262,3426.738,0.02,0.02
26.03.2021 08:32:30.415 GMT-0000,3432,3425.738,0.02,0.02
26.03.2021 08:32:30.546 GMT-0000,3431.426,3425.451,0.02,0.02
26.03.2021 08:32:32.347 GMT-0000,3431.467,3424.492,0.02,0.02
26.03.2021 08:32:32.397 GMT-0000,3430.303,3424.82,0.02,0.02
26.03.2021 08:32:34.711 GMT-0000,3430.5490000000004,3425.7790000000005,0.02,0.02
26.03.2021 08:33:15.786 GMT-0000,3429.426,3425.451,0.02,0.02
26.03.2021 08:33:33.873 GMT-0000,3427.3440000000005,3422.6150000000002,0.02,0.02
26.03.2021 08:33:34.003 GMT-0000,3427.3440000000005,3421.492,0.02,0.02
26.03.2021 08:33:34.557 GMT-0000,3427.508,3422.451,0.02,0.0075
26.03.2021 08:34:02.818 GMT-0000,3427.5490000000004,3422,0.02,0.02
26.03.2021 08:34:32.819 GMT-0000,3427.1800000000003,3422.533,0.02,0.02
26.03.2021 08:34:36.942 GMT-0000,3426.5490000000004,3422.697,0.0075,0.02
26.03.2021 08:34:41.637 GMT-0000,3426.1800000000003,3421.5740000000005,0.02,0.02
26.03.2021 08:34:42.954 GMT-0000,3427.221,3423,0.02,0.02
26.03.2021 08:34:43.055 GMT-0000,3426.262,3421.656,0.02,0.02
26.03.2021 08:34:43.163 GMT-0000,3427.1800000000003,3421.5740000000005,0.02,0.02
26.03.2021 08:35:01.460 GMT-0000,3426,3422,0.02,0.02
26.03.2021 08:35:01.510 GMT-0000,3426.508,3420.656,0.02,0.02
26.03.2021 08:35:01.786 GMT-0000,3426.426,3421.492,0.02,0.0075
26.03.2021 08:35:02.538 GMT-0000,3426.385,3420.82,0.02,0.02
26.03.2021 08:35:05.027 GMT-0000,3426.221,3421.492,0.02,0.0075
26.03.2021 08:35:07.070 GMT-0000,3426.221,3420.656,0.02,0.02
26.03.2021 08:35:07.543 GMT-0000,3426.1800000000003,3421.738,0.02,0.0075
26.03.2021 08:35:13.762 GMT-0000,3426.426,3420.533,0.02,0.02
26.03.2021 08:35:14.356 GMT-0000,3424.262,3420.656,0.0075,0.0075
26.03.2021 08:35:14.406 GMT-0000,3424.221,3419.738,0.02,0.02
26.03.2021 08:35:25.344 GMT-0000,3424.467,3420.5740000000005,0.02,0.02
26.03.2021 08:35:25.394 GMT-0000,3426.221,3420.7790000000005,0.02,0.02
26.03.2021 08:35:25.489 GMT-0000,3426.221,3419.451,0.02,0.02
26.03.2021 08:35:25.548 GMT-0000,3424.221,3419.697,0.0075,0.02
26.03.2021 08:35:30.793 GMT-0000,3425,3419.697,0.02,0.02
26.03.2021 08:35:45.766 GMT-0000,3424.467,3419.738,0.0075,0.0075
26.03.2021 08:35:45.817 GMT-0000,3424.467,3416.82,0.02,0.02
26.03.2021 08:35:45.867 GMT-0000,3423.508,3416.656,0.02,0.02
26.03.2021 08:35:50.808 GMT-0000,3421.385,3417,0.0075,0.02
26.03.2021 08:36:03.325 GMT-0000,3421.508,3415.7790000000005,0.02,0.02
26.03.2021 08:36:04.143 GMT-0000,3421.5490000000004,3416.6150000000002,0.02,0.02
26.03.2021 08:36:19.900 GMT-0000,3423.1800000000003,3418.5740000000005,0.02,0.02
26.03.2021 08:36:20.020 GMT-0000,3423.3440000000005,3417.492,0.02,0.02
26.03.2021 08:36:20.476 GMT-0000,3422.303,3416.7790000000005,0.02,0.02
26.03.2021 08:36:34.758 GMT-0000,3422.303,3419.738,0.02,0.02
26.03.2021 08:37:00.647 GMT-0000,3424.1800000000003,3419.738,0.02,0.02
26.03.2021 08:37:01.167 GMT-0000,3423.508,3419.492,0.0075,0.02
26.03.2021 08:37:01.846 GMT-0000,3424.385,3419.492,0.02,0.02
26.03.2021 08:37:02.160 GMT-0000,3423.426,3419.6150000000002,0.0075,0.02
26.03.2021 08:37:03.305 GMT-0000,3423.385,3416.533,0.02,0.02
26.03.2021 08:37:03.372 GMT-0000,3422.467,3416.533,0.0075,0.02
26.03.2021 08:37:04.758 GMT-0000,3422.221,3415.697,0.02,0.02
26.03.2021 08:37:06.326 GMT-0000,3422.385,3416.7790000000005,0.02,0.0075
26.03.2021 08:37:10.639 GMT-0000,3422.3440000000005,3415.5740000000005,0.02,0.02
26.03.2021 08:37:11.957 GMT-0000,3421.221,3415.451,0.0075,0.02
26.03.2021 08:37:14.303 GMT-0000,3421.262,3416.492,0.02,0.0075
26.03.2021 08:37:16.462 GMT-0000,3421.467,3416,0.02,0.02
26.03.2021 08:37:23.749 GMT-0000,3421.385,3416.451,0.02,0.02
26.03.2021 08:37:24.358 GMT-0000,3421.262,3415.533,0.02,0.02
26.03.2021 08:38:24.098 GMT-0000,3423.385,3415.6150000000002,0.02,0.02
26.03.2021 08:38:24.148 GMT-0000,3422.508,3419.82,0.02,0.02
26.03.2021 08:38:24.199 GMT-0000,3425.426,3420,0.02,0.02
26.03.2021 08:38:24.249 GMT-0000,3425.1800000000003,3420.738,0.02,0.02
26.03.2021 08:38:24.420 GMT-0000,3424.1800000000003,3420.533,0.02,0.02
26.03.2021 08:38:34.121 GMT-0000,3424.3440000000005,3421.492,0.0075,0.0075
26.03.2021 08:38:34.171 GMT-0000,3427.221,3421.82,0.02,0.02
26.03.2021 08:38:34.222 GMT-0000,3427.262,3422.5740000000005,0.02,0.02
26.03.2021 08:38:37.412 GMT-0000,3426.303,3423,0.02,0.02
26.03.2021 08:38:49.210 GMT-0000,3428.262,3422.451,0.02,0.02
26.03.2021 08:39:04.631 GMT-0000,3426.3440000000005,3423,0.02,0.02
26.03.2021 08:39:29.184 GMT-0000,3428.262,3422.5740000000005,0.02,0.02
26.03.2021 08:39:29.603 GMT-0000,3428.1800000000003,3423.7790000000005,0.02,0.02
26.03.2021 08:40:04.530 GMT-0000,3429.262,3424.7790000000005,0.02,0.02
26.03.2021 08:40:05.304 GMT-0000,3428.262,3424.656,0.0075,0.02
26.03.2021 08:40:06.121 GMT-0000,3429.1800000000003,3425,0.02,0.02
26.03.2021 08:40:08.429 GMT-0000,3429.262,3425.533,0.02,0.0075
26.03.2021 08:40:08.529 GMT-0000,3429.3440000000005,3423.697,0.02,0.02
26.03.2021 08:40:10.610 GMT-0000,3429.426,3425.451,0.0075,0.0075
26.03.2021 08:40:10.660 GMT-0000,3430.1800000000003,3425.533,0.02,0.02
26.03.2021 08:40:10.710 GMT-0000,3430.262,3427,0.02,0.02
26.03.2021 08:40:11.022 GMT-0000,3432.303,3427.697,0.02,0.02
26.03.2021 08:40:11.361 GMT-0000,3433.5490000000004,3427.82,0.02,0.02
26.03.2021 08:40:11.412 GMT-0000,3432.508,3427.697,0.02,0.02
26.03.2021 08:40:12.011 GMT-0000,3432.262,3428.451,0.02,0.0075
26.03.2021 08:40:12.061 GMT-0000,3434.3440000000005,3428.533,0.02,0.02
26.03.2021 08:40:13.555 GMT-0000,3434.467,3429.656,0.02,0.0075
26.03.2021 08:40:13.605 GMT-0000,3435,3428.533,0.02,0.02
26.03.2021 08:40:13.655 GMT-0000,3435.508,3429.6150000000002,0.02,0.02
26.03.2021 08:40:13.761 GMT-0000,3435,3430.656,0.02,0.0075
26.03.2021 08:40:13.901 GMT-0000,3435.5490000000004,3429.656,0.02,0.02
26.03.2021 08:40:14.960 GMT-0000,3435.5490000000004,3430.697,0.0075,0.0075
26.03.2021 08:40:15.011 GMT-0000,3436.303,3431,0.02,0.02
26.03.2021 08:40:29.032 GMT-0000,3436.262,3429.533,0.02,0.02
26.03.2021 08:40:41.992 GMT-0000,3436,3431.492,0.02,0.02
26.03.2021 08:40:42.154 GMT-0000,3436.303,3431,0.02,0.02
26.03.2021 08:40:43.296 GMT-0000,3436.303,3433.5740000000005,0.0075,0.0075
26.03.2021 08:40:43.347 GMT-0000,3438.262,3434,0.02,0.02
26.03.2021 08:40:43.447 GMT-0000,3438,3431.451,0.02,0.02
26.03.2021 08:40:45.938 GMT-0000,3439.467,3432.451,0.02,0.02
26.03.2021 08:40:47.191 GMT-0000,3439.508,3431.656,0.02,0.02
26.03.2021 08:40:47.920 GMT-0000,3439.262,3432.82,0.02,0.0075
26.03.2021 08:40:51.266 GMT-0000,3439,3431.451,0.02,0.02
26.03.2021 08:40:51.940 GMT-0000,3437.221,3431.6150000000002,0.0075,0.02
26.03.2021 08:40:51.991 GMT-0000,3437.5490000000004,3430.7790000000005,0.02,0.02
26.03.2021 08:40:54.833 GMT-0000,3437.508,3429.6150000000002,0.02,0.02
26.03.2021 08:41:01.140 GMT-0000,3437.262,3430.533,0.02,0.02
26.03.2021 08:41:24.688 GMT-0000,3437.467,3432.697,0.02,0.02
26.03.2021 08:41:24.814 GMT-0000,3437.303,3431.7790000000005,0.02,0.02
26.03.2021 08:41:25.155 GMT-0000,3437.385,3430.697,0.02,0.02
26.03.2021 08:41:25.398 GMT-0000,3437.1800000000003,3431.6150000000002,0.02,0.0075
26.03.2021 08:41:27.982 GMT-0000,3437.426,3430.533,0.02,0.02
26.03.2021 08:41:28.527 GMT-0000,3437.262,3431.5740000000005,0.02,0.02
26.03.2021 08:41:32.444 GMT-0000,3438,3431.533,0.02,0.02
26.03.2021 08:41:47.080 GMT-0000,3437.5490000000004,3431.451,0.02,0.02
26.03.2021 08:41:53.876 GMT-0000,3437.5490000000004,3430.492,0.02,0.02
26.03.2021 08:41:55.292 GMT-0000,3436.262,3430.697,0.02,0.02
26.03.2021 08:42:02.688 GMT-0000,3436.467,3429.492,0.02,0.02
26.03.2021 08:42:04.674 GMT-0000,3434.262,3429.656,0.02,0.02
26.03.2021 08:42:14.324 GMT-0000,3433.303,3429.656,0.02,0.02
26.03.2021 08:42:24.761 GMT-0000,3432.3440000000005,3429.6150000000002,0.0075,0.02
26.03.2021 08:42:27.540 GMT-0000,3432.426,3426.656,0.02,0.02
26.03.2021 08:42:33.032 GMT-0000,3432.5490000000004,3429.738,0.02,0.0075
26.03.2021 08:42:33.132 GMT-0000,3432.221,3428,0.02,0.02
26.03.2021 08:42:33.183 GMT-0000,3432.262,3426.533,0.02,0.02
26.03.2021 08:42:34.780 GMT-0000,3432.385,3427.533,0.02,0.0075
26.03.2021 08:42:56.632 GMT-0000,3432.3440000000005,3426.738,0.02,0.02
26.03.2021 08:42:58.030 GMT-0000,3432.303,3427.82,0.02,0.0075
26.03.2021 08:43:06.550 GMT-0000,3432.385,3426.697,0.02,0.02
26.03.2021 08:43:09.448 GMT-0000,3432.385,3425.738,0.02,0.02
26.03.2021 08:43:10.264 GMT-0000,3432.303,3426.7790000000005,0.02,0.0075
26.03.2021 08:44:00.994 GMT-0000,3434.303,3427.82,0.02,0.02
26.03.2021 08:44:01.044 GMT-0000,3434.303,3429.6150000000002,0.02,0.02
26.03.2021 08:44:01.296 GMT-0000,3434.5490000000004,3430.451,0.02,0.0075
26.03.2021 08:44:02.013 GMT-0000,3435.467,3430.6150000000002,0.02,0.02
26.03.2021 08:44:20.228 GMT-0000,3435.508,3433,0.02,0.0075
26.03.2021 08:44:20.409 GMT-0000,3437.3440000000005,3433,0.02,0.02
26.03.2021 08:44:31.366 GMT-0000,3437.467,3433.5740000000005,0.02,0.0075
26.03.2021 08:44:31.416 GMT-0000,3438.1800000000003,3433.656,0.02,0.02
26.03.2021 08:44:34.598 GMT-0000,3439,3433.738,0.02,0.02
26.03.2021 08:44:36.121 GMT-0000,3439.1800000000003,3432.533,0.02,0.02
26.03.2021 08:44:36.677 GMT-0000,3439.385,3434.697,0.02,0.0075
26.03.2021 08:44:40.332 GMT-0000,3437.303,3434.82,0.0075,0.02
26.03.2021 08:44:45.894 GMT-0000,3439.467,3434.82,0.02,0.02
26.03.2021 08:44:48.181 GMT-0000,3440.385,3434.492,0.02,0.02
26.03.2021 08:44:48.282 GMT-0000,3442.426,3436.7790000000005,0.02,0.02
26.03.2021 08:44:48.653 GMT-0000,3443.3440000000005,3436.533,0.02,0.02
26.03.2021 08:44:48.753 GMT-0000,3444.467,3438.6150000000002,0.02,0.02
26.03.2021 08:44:49.037 GMT-0000,3445.262,3438.5740000000005,0.02,0.02
26.03.2021 08:44:49.088 GMT-0000,3444.385,3438.738,0.02,0.02
26.03.2021 08:44:49.263 GMT-0000,3444.5490000000004,3439.656,0.02,0.02
26.03.2021 08:44:59.052 GMT-0000,3448.467,3440.7790000000005,0.02,0.02
26.03.2021 08:45:00.836 GMT-0000,3448.262,3442.533,0.0075,0.0075
26.03.2021 08:45:00.886 GMT-0000,3449.426,3442.82,0.02,0.02
26.03.2021 08:45:00.937 GMT-0000,3448.221,3442.7790000000005,0.02,0.02
26.03.2021 08:45:00.987 GMT-0000,3450.3440000000005,3442.656,0.02,0.02
26.03.2021 08:45:01.704 GMT-0000,3450.5490000000004,3446,0.02,0.0075
26.03.2021 08:45:02.919 GMT-0000,3450.508,3446.656,0.02,0.0075
26.03.2021 08:45:06.266 GMT-0000,3453.467,3446.451,0.02,0.02
26.03.2021 08:45:06.316 GMT-0000,3452.303,3446,0.02,0.02
26.03.2021 08:45:06.430 GMT-0000,3453.385,3445.738,0.02,0.02
26.03.2021 08:45:09.016 GMT-0000,3453.262,3449,0.02,0.0075
26.03.2021 08:45:10.552 GMT-0000,3453.5490000000004,3449.451,0.02,0.0075
26.03.2021 08:45:11.062 GMT-0000,3452,3449.7790000000005,0.0075,0.0075
26.03.2021 08:45:11.112 GMT-0000,3452.467,3445.82,0.02,0.02
26.03.2021 08:45:11.260 GMT-0000,3450.1800000000003,3445.6150000000002,0.0075,0.02
26.03.2021 08:45:11.441 GMT-0000,3451.221,3445.82,0.02,0.02
26.03.2021 08:45:12.677 GMT-0000,3451.426,3444.738,0.02,0.02
26.03.2021 08:45:14.696 GMT-0000,3450.221,3444.697,0.0075,0.02
26.03.2021 08:45:50.776 GMT-0000,3450.508,3445.451,0.0075,0.0075
26.03.2021 08:45:50.936 GMT-0000,3454.1800000000003,3448.738,0.02,0.02
26.03.2021 08:45:50.987 GMT-0000,3454.262,3446.738,0.02,0.02
26.03.2021 08:45:51.061 GMT-0000,3454,3450,0.02,0.0075
26.03.2021 08:45:51.161 GMT-0000,3455.508,3449.451,0.02,0.02
26.03.2021 08:45:51.285 GMT-0000,3455,3450.656,0.02,0.0075
26.03.2021 08:45:52.029 GMT-0000,3456.262,3450.697,0.02,0.02
26.03.2021 08:45:52.465 GMT-0000,3455.5490000000004,3450.697,0.0075,0.02
26.03.2021 08:45:56.081 GMT-0000,3455.5490000000004,3451.656,0.02,0.0075
26.03.2021 08:45:56.182 GMT-0000,3455.467,3450.6150000000002,0.02,0.02
26.03.2021 08:46:01.362 GMT-0000,3455,3451.697,0.02,0.02
26.03.2021 08:46:24.364 GMT-0000,3454.426,3451.697,0.0075,0.02
26.03.2021 08:46:27.325 GMT-0000,3454.426,3452.82,0.0075,0.0075
26.03.2021 08:46:27.376 GMT-0000,3455.426,3452.7790000000005,0.02,0.02
26.03.2021 08:46:31.916 GMT-0000,3456.508,3452.6150000000002,0.02,0.02
26.03.2021 08:46:31.967 GMT-0000,3456.1800000000003,3453.738,0.02,0.02
26.03.2021 08:46:32.296 GMT-0000,3456.5490000000004,3454.5740000000005,0.0075,0.0075
26.03.2021 08:46:32.346 GMT-0000,3460,3454.7790000000005,0.02,0.02
26.03.2021 08:46:35.300 GMT-0000,3460.5490000000004,3455.451,0.02,0.0075
26.03.2021 08:46:35.401 GMT-0000,3460.303,3454.451,0.02,0.02
26.03.2021 08:46:38.436 GMT-0000,3460.221,3452.492,0.02,0.02
26.03.2021 08:46:43.222 GMT-0000,3459.385,3454.492,0.0075,0.0075
26.03.2021 08:46:54.895 GMT-0000,3457.385,3455,0.02,0.02
26.03.2021 08:46:54.945 GMT-0000,3457.3440000000005,3452.738,0.02,0.02
26.03.2021 08:46:55.084 GMT-0000,3460.385,3452.738,0.02,0.02
26.03.2021 08:47:13.396 GMT-0000,3460.467,3453.451,0.02,0.0075
26.03.2021 08:47:14.234 GMT-0000,3458.303,3454,0.0075,0.02
26.03.2021 08:47:14.534 GMT-0000,3458.5490000000004,3452.492,0.02,0.02
26.03.2021 08:47:22.578 GMT-0000,3458.262,3453.656,0.02,0.0075
26.03.2021 08:47:32.643 GMT-0000,3458,3452.82,0.02,0.02
26.03.2021 08:47:34.130 GMT-0000,3458.426,3453.492,0.02,0.0075
26.03.2021 08:47:36.830 GMT-0000,3458.385,3454.82,0.0075,0.0075
26.03.2021 08:47:36.880 GMT-0000,3461.1800000000003,3454.7790000000005,0.02,0.02
26.03.2021 08:47:36.981 GMT-0000,3462.426,3454.533,0.02,0.02
26.03.2021 08:47:37.698 GMT-0000,3461.385,3454.451,0.0075,0.02
26.03.2021 08:47:40.538 GMT-0000,3463.467,3454.451,0.02,0.02
26.03.2021 08:47:41.888 GMT-0000,3463.303,3453.738,0.02,0.02
26.03.2021 08:47:44.152 GMT-0000,3462.262,3453.492,0.0075,0.02
26.03.2021 08:47:48.403 GMT-0000,3461.426,3453.656,0.0075,0.02
26.03.2021 08:47:48.700 GMT-0000,3461.303,3455.5740000000005,0.02,0.0075
26.03.2021 08:47:59.920 GMT-0000,3459.5490000000004,3456.697,0.02,0.0075
26.03.2021 08:48:11.384 GMT-0000,3459.508,3453.656,0.02,0.02
26.03.2021 08:48:11.435 GMT-0000,3463.221,3453.738,0.02,0.02
26.03.2021 08:48:14.701 GMT-0000,3462,3457.6150000000002,0.0075,0.0075
26.03.2021 08:48:16.819 GMT-0000,3462.5490000000004,3455.6150000000002,0.02,0.02
26.03.2021 08:48:23.837 GMT-0000,3462.508,3456.5740000000005,0.02,0.02
26.03.2021 08:48:23.971 GMT-0000,3460.3440000000005,3456.6150000000002,0.0075,0.02
26.03.2021 08:48:24.021 GMT-0000,3462.426,3456.82,0.02,0.02
26.03.2021 08:48:24.239 GMT-0000,3462.221,3455.697,0.02,0.02
26.03.2021 08:48:25.262 GMT-0000,3464.303,3459.533,0.02,0.02
26.03.2021 08:48:25.488 GMT-0000,3465.221,3459.492,0.02,0.02
26.03.2021 08:48:26.812 GMT-0000,3462.5490000000004,3459.738,0.0075,0.02
26.03.2021 08:48:29.336 GMT-0000,3463.467,3459.5740000000005,0.02,0.02
26.03.2021 08:48:29.387 GMT-0000,3465.508,3459.533,0.02,0.02
26.03.2021 08:48:30.603 GMT-0000,3466.262,3459.533,0.02,0.02
26.03.2021 08:48:34.479 GMT-0000,3466,3457.82,0.02,0.02
26.03.2021 08:48:35.560 GMT-0000,3467,3458.492,0.02,0.02
26.03.2021 08:48:37.629 GMT-0000,3467.221,3462.492,0.02,0.0075
26.03.2021 08:48:37.730 GMT-0000,3466.467,3462.82,0.02,0.02
26.03.2021 08:48:38.849 GMT-0000,3467.508,3462.6150000000002,0.02,0.02
26.03.2021 08:48:42.980 GMT-0000,3466.262,3458.697,0.02,0.02
26.03.2021 08:48:43.157 GMT-0000,3465.467,3458.656,0.0075,0.02
26.03.2021 08:48:50.170 GMT-0000,3466.221,3458.533,0.02,0.02
26.03.2021 08:48:50.221 GMT-0000,3467.5490000000004,3458.82,0.02,0.02
26.03.2021 08:48:51.886 GMT-0000,3467.3440000000005,3459.738,0.02,0.0075
26.03.2021 08:49:02.940 GMT-0000,3465.221,3462,0.02,0.02
26.03.2021 08:49:03.685 GMT-0000,3464.467,3461.492,0.0075,0.0075
26.03.2021 08:49:03.736 GMT-0000,3467,3459.6150000000002,0.02,0.02
26.03.2021 08:49:04.092 GMT-0000,3467,3460.6150000000002,0.0075,0.0075
26.03.2021 08:49:04.143 GMT-0000,3469.508,3460.697,0.02,0.02
26.03.2021 08:49:06.113 GMT-0000,3469.467,3463,0.0075,0.0075
26.03.2021 08:49:06.164 GMT-0000,3472.426,3462.738,0.02,0.02
26.03.2021 08:49:06.397 GMT-0000,3472.467,3466.451,0.02,0.02
26.03.2021 08:49:08.036 GMT-0000,3470.385,3466.533,0.02,0.02
26.03.2021 08:49:09.174 GMT-0000,3471.426,3466.533,0.02,0.02
26.03.2021 08:49:09.225 GMT-0000,3472.385,3464.697,0.02,0.02
26.03.2021 08:49:10.361 GMT-0000,3473.467,3464.7790000000005,0.02,0.02
26.03.2021 08:49:10.411 GMT-0000,3474.385,3469.7790000000005,0.02,0.02
26.03.2021 08:49:13.757 GMT-0000,3474.3440000000005,3464.82,0.02,0.02
26.03.2021 08:49:13.808 GMT-0000,3471.426,3462.6150000000002,0.02,0.02
26.03.2021 08:49:13.958 GMT-0000,3470.426,3462.82,0.02,0.02
26.03.2021 08:49:14.009 GMT-0000,3471.1800000000003,3462.697,0.02,0.02
26.03.2021 08:49:22.816 GMT-0000,3471.385,3468,0.02,0.0075
26.03.2021 08:49:55.808 GMT-0000,3473.508,3469.656,0.02,0.02
26.03.2021 08:49:55.938 GMT-0000,3471.3440000000005,3467.656,0.02,0.02
26.03.2021 08:49:59.870 GMT-0000,3473.221,3467.697,0.02,0.02
26.03.2021 08:50:04.552 GMT-0000,3472,3467.738,0.0075,0.02
26.03.2021 08:50:04.708 GMT-0000,3471.1800000000003,3467.533,0.0075,0.02
26.03.2021 08:50:04.759 GMT-0000,3472.262,3467.656,0.02,0.02
26.03.2021 08:50:05.777 GMT-0000,3472.508,3468.697,0.02,0.0075
26.03.2021 08:50:05.960 GMT-0000,3472.467,3469.7790000000005,0.02,0.0075
26.03.2021 08:50:06.060 GMT-0000,3473.385,3469.738,0.02,0.02
26.03.2021 08:50:06.377 GMT-0000,3473.3440000000005,3470.697,0.02,0.02
26.03.2021 08:50:08.043 GMT-0000,3473.426,3468,0.02,0.02
26.03.2021 08:50:08.121 GMT-0000,3473.303,3469.656,0.02,0.02
26.03.2021 08:50:08.805 GMT-0000,3474.508,3469.656,0.02,0.02
26.03.2021 08:50:10.899 GMT-0000,3475.221,3469.451,0.02,0.02
26.03.2021 08:50:12.300 GMT-0000,3475.3440000000005,3467.451,0.02,0.02
26.03.2021 08:50:12.351 GMT-0000,3474.303,3467.492,0.02,0.02
26.03.2021 08:50:13.317 GMT-0000,3474.467,3469.82,0.02,0.0075
26.03.2021 08:50:15.151 GMT-0000,3475.1800000000003,3469.7790000000005,0.02,0.02
26.03.2021 08:50:15.596 GMT-0000,3475.467,3471.7790000000005,0.0075,0.0075
26.03.2021 08:50:15.646 GMT-0000,3476.385,3471.492,0.02,0.02
26.03.2021 08:50:31.369 GMT-0000,3476.1800000000003,3472.656,0.02,0.0075
26.03.2021 08:50:34.564 GMT-0000,3476.5490000000004,3472,0.02,0.02
26.03.2021 08:50:34.688 GMT-0000,3476,3472.5740000000005,0.02,0.02
26.03.2021 08:50:35.504 GMT-0000,3475.508,3472.656,0.0075,0.0075
26.03.2021 08:50:35.554 GMT-0000,3474.221,3469.7790000000005,0.02,0.02
26.03.2021 08:50:35.681 GMT-0000,3476.221,3469.697,0.02,0.02
26.03.2021 08:50:36.281 GMT-0000,3477.3440000000005,3469.738,0.02,0.02
26.03.2021 08:50:36.331 GMT-0000,3475.385,3469.451,0.02,0.02
26.03.2021 08:50:40.049 GMT-0000,3474.262,3469.492,0.02,0.02
26.03.2021 08:50:48.786 GMT-0000,3474.426,3468.451,0.02,0.02
26.03.2021 08:50:48.836 GMT-0000,3474.1800000000003,3469.492,0.02,0.02
26.03.2021 08:50:50.845 GMT-0000,3472.3440000000005,3469.5740000000005,0.0075,0.02
26.03.2021 08:50:51.388 GMT-0000,3474.5490000000004,3468.5740000000005,0.02,0.02
26.03.2021 08:50:53.373 GMT-0000,3475.508,3472,0.02,0.0075
26.03.2021 08:50:53.423 GMT-0000,3476.221,3471.7790000000005,0.02,0.02
26.03.2021 08:50:53.500 GMT-0000,3476.508,3472.6150000000002,0.02,0.0075
26.03.2021 08:50:55.060 GMT-0000,3477,3472.656,0.02,0.02
26.03.2021 08:50:58.651 GMT-0000,3476.385,3472.533,0.02,0.02
26.03.2021 08:51:21.631 GMT-0000,3476,3470,0.02,0.02
26.03.2021 08:51:21.696 GMT-0000,3475.467,3469.82,0.0075,0.02
26.03.2021 08:51:22.709 GMT-0000,3475.221,3468.82,0.02,0.02
26.03.2021 08:51:23.660 GMT-0000,3475,3466.5740000000005,0.02,0.02
26.03.2021 08:51:25.488 GMT-0000,3475.385,3469.656,0.02,0.0075
26.03.2021 08:51:46.364 GMT-0000,3474.221,3469.451,0.0075,0.02
26.03.2021 08:51:47.896 GMT-0000,3474.385,3470.5740000000005,0.02,0.0075
26.03.2021 08:51:49.346 GMT-0000,3475.221,3470.738,0.02,0.02
26.03.2021 08:51:49.538 GMT-0000,3476.3440000000005,3470.738,0.02,0.02
26.03.2021 08:51:59.211 GMT-0000,3476.5490000000004,3471.738,0.02,0.02
26.03.2021 08:51:59.569 GMT-0000,3475.426,3471.533,0.02,0.02
26.03.2021 08:51:59.715 GMT-0000,3476.221,3471.82,0.02,0.02
26.03.2021 08:52:01.339 GMT-0000,3475.221,3470.82,0.02,0.02
26.03.2021 08:52:01.489 GMT-0000,3473.221,3468.7790000000005,0.02,0.02
26.03.2021 08:52:01.632 GMT-0000,3471.221,3468.5740000000005,0.0075,0.02
26.03.2021 08:52:03.941 GMT-0000,3471.426,3464.697,0.02,0.02
26.03.2021 08:52:09.538 GMT-0000,3472.303,3464.697,0.02,0.02
26.03.2021 08:52:13.976 GMT-0000,3472,3467.451,0.0075,0.0075
26.03.2021 08:52:14.026 GMT-0000,3473.385,3467.82,0.02,0.02
26.03.2021 08:53:00.121 GMT-0000,3472.426,3467.697,0.0075,0.02
26.03.2021 08:53:13.289 GMT-0000,3470.385,3467.82,0.02,0.02
26.03.2021 08:53:13.776 GMT-0000,3467.221,3460.82,0.02,0.02
26.03.2021 08:53:14.151 GMT-0000,3465.5490000000004,3460.82,0.0075,0.02
26.03.2021 08:53:16.107 GMT-0000,3465.385,3464,0.0075,0.0075
26.03.2021 08:53:16.157 GMT-0000,3470.385,3463.7790000000005,0.02,0.02
26.03.2021 08:53:16.308 GMT-0000,3470.5490000000004,3464.533,0.02,0.0075
26.03.2021 08:53:25.288 GMT-0000,3469.385,3465,0.0075,0.02
26.03.2021 08:53:32.104 GMT-0000,3468.1800000000003,3464.697,0.02,0.02
26.03.2021 08:53:41.590 GMT-0000,3468.385,3463.656,0.02,0.02
26.03.2021 08:53:41.641 GMT-0000,3468.467,3462.451,0.02,0.02
26.03.2021 08:53:42.742 GMT-0000,3466.5490000000004,3461.7790000000005,0.02,0.02
26.03.2021 08:53:47.723 GMT-0000,3466.303,3462.82,0.02,0.0075
26.03.2021 08:53:47.773 GMT-0000,3467.467,3461.7790000000005,0.02,0.02
26.03.2021 08:53:48.031 GMT-0000,3467.262,3463,0.02,0.0075
26.03.2021 08:53:55.711 GMT-0000,3467.1800000000003,3462,0.02,0.02
26.03.2021 08:53:57.100 GMT-0000,3467.3440000000005,3462.6150000000002,0.02,0.0075
26.03.2021 08:53:58.104 GMT-0000,3469.303,3463.6150000000002,0.02,0.02
26.03.2021 08:53:58.178 GMT-0000,3469.1800000000003,3466.533,0.02,0.02
26.03.2021 08:54:22.224 GMT-0000,3473.221,3466.82,0.02,0.02
26.03.2021 08:54:22.429 GMT-0000,3473.508,3467.738,0.02,0.0075
26.03.2021 08:54:22.530 GMT-0000,3473.426,3469,0.02,0.02
26.03.2021 08:54:24.217 GMT-0000,3471.262,3468.656,0.0075,0.02
26.03.2021 08:54:26.842 GMT-0000,3471.467,3470,0.02,0.02
26.03.2021 08:54:26.955 GMT-0000,3471,3468.5740000000005,0.02,0.02
26.03.2021 08:54:59.400 GMT-0000,3471.262,3468,0.02,0.02
26.03.2021 08:54:59.609 GMT-0000,3470.1800000000003,3466.697,0.02,0.02
26.03.2021 08:54:59.754 GMT-0000,3471.5490000000004,3466.451,0.02,0.02
26.03.2021 08:55:10.034 GMT-0000,3469.303,3464.6150000000002,0.02,0.02
26.03.2021 08:55:10.084 GMT-0000,3469.385,3464,0.02,0.02
26.03.2021 08:55:18.630 GMT-0000,3469.426,3462.5740000000005,0.02,0.02
26.03.2021 08:55:24.127 GMT-0000,3467.467,3459.697,0.02,0.02
26.03.2021 08:55:24.177 GMT-0000,3465.1800000000003,3459.7790000000005,0.02,0.02
26.03.2021 08:55:24.663 GMT-0000,3464.262,3457.451,0.02,0.02
26.03.2021 08:55:24.779 GMT-0000,3463.5490000000004,3457.82,0.0075,0.02
26.03.2021 08:55:28.804 GMT-0000,3463.262,3455.697,0.02,0.02
26.03.2021 08:55:29.173 GMT-0000,3461,3455.492,0.0075,0.02
26.03.2021 08:55:37.214 GMT-0000,3463,3459.7790000000005,0.02,0.02
26.03.2021 08:55:37.589 GMT-0000,3464.467,3459.7790000000005,0.02,0.02
26.03.2021 08:55:37.639 GMT-0000,3466.426,3461.697,0.02,0.02
26.03.2021 08:55:42.921 GMT-0000,3463.303,3461.451,0.0075,0.02
26.03.2021 08:55:45.302 GMT-0000,3462.303,3458.7790000000005,0.02,0.02
26.03.2021 08:55:45.535 GMT-0000,3462.1800000000003,3457.492,0.02,0.02
26.03.2021 08:55:45.586 GMT-0000,3462.508,3459,0.02,0.02
26.03.2021 08:55:48.846 GMT-0000,3462.5490000000004,3456.738,0.02,0.02
26.03.2021 08:55:51.100 GMT-0000,3462.426,3457.82,0.02,0.0075
26.03.2021 08:56:01.362 GMT-0000,3462,3456.451,0.02,0.02
26.03.2021 08:56:04.434 GMT-0000,3462.467,3457.492,0.02,0.02
26.03.2021 08:56:04.542 GMT-0000,3462.303,3456.6150000000002,0.02,0.02
26.03.2021 08:56:05.054 GMT-0000,3462.303,3457.533,0.02,0.02
26.03.2021 08:56:07.707 GMT-0000,3462.1800000000003,3456.5740000000005,0.02,0.02
26.03.2021 08:56:07.757 GMT-0000,3462.3440000000005,3457.656,0.02,0.02
26.03.2021 08:56:29.275 GMT-0000,3461.508,3457.656,0.0075,0.02
26.03.2021 08:56:45.559 GMT-0000,3461.262,3455.5740000000005,0.02,0.02
26.03.2021 08:56:45.609 GMT-0000,3460.508,3456,0.02,0.02
26.03.2021 08:56:47.865 GMT-0000,3460.1800000000003,3453.697,0.02,0.02
26.03.2021 08:56:48.278 GMT-0000,3459.508,3453.656,0.0075,0.02
26.03.2021 08:56:48.823 GMT-0000,3459.262,3452.533,0.02,0.02
26.03.2021 08:56:50.598 GMT-0000,3458.262,3452.7790000000005,0.0075,0.02
26.03.2021 08:56:54.293 GMT-0000,3459.262,3453.5740000000005,0.02,0.02
26.03.2021 08:56:54.430 GMT-0000,3460.3440000000005,3453.451,0.02,0.02
26.03.2021 08:57:08.960 GMT-0000,3459,3453.451,0.0075,0.02
26.03.2021 08:57:43.623 GMT-0000,3459.5490000000004,3452.451,0.02,0.02
26.03.2021 08:58:01.416 GMT-0000,3459.1800000000003,3452,0.02,0.02
26.03.2021 08:58:01.562 GMT-0000,3458.467,3451.82,0.0075,0.0075
26.03.2021 08:58:01.612 GMT-0000,3458.1800000000003,3450.697,0.02,0.02
26.03.2021 08:58:01.663 GMT-0000,3456.221,3450.738,0.02,0.02
26.03.2021 08:58:02.494 GMT-0000,3456.262,3449.656,0.02,0.02
26.03.2021 08:58:03.096 GMT-0000,3454.385,3449.697,0.0075,0.0075
26.03.2021 08:58:03.148 GMT-0000,3454.303,3447.656,0.02,0.02
26.03.2021 08:58:05.893 GMT-0000,3454.467,3448.697,0.02,0.0075
26.03.2021 08:58:12.546 GMT-0000,3454.262,3448,0.02,0.02
26.03.2021 08:58:12.688 GMT-0000,3454.426,3448.656,0.02,0.0075
26.03.2021 08:58:21.378 GMT-0000,3453.426,3448.451,0.0075,0.0075
26.03.2021 08:58:21.428 GMT-0000,3453.467,3447.7790000000005,0.02,0.02
26.03.2021 08:58:28.186 GMT-0000,3453.5490000000004,3448.5740000000005,0.02,0.02
26.03.2021 08:59:50.040 GMT-0000,3452,3448.6150000000002,0.0075,0.02
26.03.2021 09:00:02.228 GMT-0000,3451.385,3448.533,0.0075,0.0075
26.03.2021 09:00:02.279 GMT-0000,3450.262,3445,0.02,0.02
26.03.2021 09:00:04.496 GMT-0000,3450.1800000000003,3445.6150000000002,0.0075,0.0075
26.03.2021 09:00:04.546 GMT-0000,3451.303,3445.656,0.02,0.02
26.03.2021 09:00:35.215 GMT-0000,3451.262,3446.451,0.02,0.02
26.03.2021 09:00:35.265 GMT-0000,3452.3440000000005,3446.451,0.02,0.02
26.03.2021 09:00:36.426 GMT-0000,3452.508,3447.533,0.02,0.02
26.03.2021 09:00:36.476 GMT-0000,3453.262,3447.697,0.02,0.02
26.03.2021 09:00:49.884 GMT-0000,3452.508,3446.82,0.02,0.02
26.03.2021 09:00:49.999 GMT-0000,3452.1800000000003,3448.492,0.0075,0.0075
26.03.2021 09:00:50.049 GMT-0000,3453.1800000000003,3448.7790000000005,0.02,0.02
26.03.2021 09:00:51.031 GMT-0000,3453.262,3448,0.02,0.02
26.03.2021 09:00:55.994 GMT-0000,3453.3440000000005,3449.738,0.02,0.0075
26.03.2021 09:01:04.460 GMT-0000,3453.467,3448.533,0.02,0.02
26.03.2021 09:01:09.301 GMT-0000,3453.1800000000003,3447.7790000000005,0.02,0.02
26.03.2021 09:01:09.352 GMT-0000,3453.1800000000003,3449.656,0.02,0.02
26.03.2021 09:01:18.342 GMT-0000,3453.1800000000003,3450.82,0.0075,0.0075
26.03.2021 09:01:18.392 GMT-0000,3454.303,3449.451,0.02,0.02
26.03.2021 09:01:18.443 GMT-0000,3455.467,3449.7790000000005,0.02,0.02
26.03.2021 09:01:30.044 GMT-0000,3454.508,3448.533,0.02,0.02
26.03.2021 09:01:36.706 GMT-0000,3453.303,3447.533,0.02,0.02
26.03.2021 09:01:59.473 GMT-0000,3453.426,3449.6150000000002,0.02,0.0075
26.03.2021 09:02:01.159 GMT-0000,3453.426,3448.7790000000005,0.02,0.02
26.03.2021 09:02:07.978 GMT-0000,3453.5490000000004,3450,0.02,0.0075
26.03.2021 09:02:08.527 GMT-0000,3453.3440000000005,3448.738,0.02,0.02
26.03.2021 09:02:15.227 GMT-0000,3453.467,3449.533,0.02,0.0075
26.03.2021 09:02:22.155 GMT-0000,3449.262,3444.738,0.02,0.02
26.03.2021 09:02:24.603 GMT-0000,3451.385,3445.533,0.02,0.02
26.03.2021 09:02:26.135 GMT-0000,3451.262,3446.656,0.02,0.0075
26.03.2021 09:02:26.397 GMT-0000,3451.385,3448,0.02,0.0075
26.03.2021 09:02:27.211 GMT-0000,3454.5490000000004,3450,0.02,0.02
26.03.2021 09:02:27.554 GMT-0000,3454.1800000000003,3448.533,0.02,0.02
26.03.2021 09:02:40.041 GMT-0000,3454.262,3447.7790000000005,0.02,0.02
26.03.2021 09:02:40.092 GMT-0000,3454,3448.656,0.02,0.02
26.03.2021 09:03:15.031 GMT-0000,3454.262,3449.5740000000005,0.02,0.0075
26.03.2021 09:03:23.072 GMT-0000,3453.467,3449.738,0.0075,0.02
26.03.2021 09:03:23.227 GMT-0000,3454.262,3449.6150000000002,0.02,0.02
26.03.2021 09:03:44.283 GMT-0000,3453.262,3449.7790000000005,0.0075,0.02
26.03.2021 09:03:44.433 GMT-0000,3454.467,3449.5740000000005,0.02,0.02
26.03.2021 09:03:50.003 GMT-0000,3453.262,3449.656,0.0075,0.02
26.03.2021 09:03:50.159 GMT-0000,3454.467,3449.697,0.02,0.02
26.03.2021 09:03:52.721 GMT-0000,3453.508,3449.6150000000002,0.0075,0.02
26.03.2021 09:03:52.821 GMT-0000,3454.5490000000004,3449.6150000000002,0.02,0.02
26.03.2021 09:04:05.717 GMT-0000,3453.5490000000004,3449.451,0.02,0.02
26.03.2021 09:04:05.767 GMT-0000,3454.262,3449.82,0.02,0.02
26.03.2021 09:04:17.680 GMT-0000,3453.221,3449.656,0.02,0.02
26.03.2021 09:04:17.810 GMT-0000,3454.3440000000005,3449.82,0.02,0.02
26.03.2021 09:04:22.817 GMT-0000,3453.221,3449.6150000000002,0.0075,0.02
26.03.2021 09:04:22.982 GMT-0000,3454.3440000000005,3449.533,0.02,0.02
26.03.2021 09:04:28.312 GMT-0000,3453,3449.533,0.0075,0.02
26.03.2021 09:05:38.896 GMT-0000,3452.221,3449.738,0.0075,0.0075
26.03.2021 09:05:38.946 GMT-0000,3452.508,3447.533,0.02,0.02
26.03.2021 09:05:41.596 GMT-0000,3452.3440000000005,3451,0.0075,0.0075
26.03.2021 09:05:41.647 GMT-0000,3454.426,3450.5740000000005,0.02,0.02
26.03.2021 09:05:41.747 GMT-0000,3454,3450,0.02,0.02
26.03.2021 09:05:41.912 GMT-0000,3454.221,3450.6150000000002,0.02,0.02
26.03.2021 09:05:50.989 GMT-0000,3455.3440000000005,3450.656,0.02,0.02
26.03.2021 09:06:34.083 GMT-0000,3454.303,3450.6150000000002,0.0075,0.02
26.03.2021 09:07:00.393 GMT-0000,3455.221,3450.451,0.02,0.02
26.03.2021 09:07:00.538 GMT-0000,3456.467,3450.6150000000002,0.02,0.02
26.03.2021 09:07:00.959 GMT-0000,3461.385,3455.6150000000002,0.02,0.02
26.03.2021 09:07:01.009 GMT-0000,3464.5490000000004,3458,0.02,0.02
26.03.2021 09:07:01.130 GMT-0000,3462.303,3458,0.0075,0.02
26.03.2021 09:07:01.230 GMT-0000,3463.508,3457.7790000000005,0.02,0.02
26.03.2021 09:07:01.281 GMT-0000,3464.3440000000005,3458.7790000000005,0.02,0.02
26.03.2021 09:07:01.394 GMT-0000,3465.221,3458.6150000000002,0.02,0.02
26.03.2021 09:07:01.445 GMT-0000,3466.303,3461,0.02,0.02
26.03.2021 09:07:01.799 GMT-0000,3467.1800000000003,3460.6150000000002,0.02,0.02
26.03.2021 09:07:02.004 GMT-0000,3471.262,3465,0.02,0.02
26.03.2021 09:07:02.105 GMT-0000,3469.303,3464.82,0.02,0.02
26.03.2021 09:07:03.144 GMT-0000,3469.467,3462.451,0.02,0.02
26.03.2021 09:07:03.195 GMT-0000,3469.1800000000003,3460.492,0.02,0.02
26.03.2021 09:07:03.245 GMT-0000,3468.5490000000004,3460.738,0.02,0.02
26.03.2021 09:07:03.378 GMT-0000,3467.1800000000003,3460.533,0.02,0.02
26.03.2021 09:07:03.799 GMT-0000,3467.221,3464,0.02,0.0075
26.03.2021 09:07:03.899 GMT-0000,3467.5490000000004,3461.656,0.02,0.02
26.03.2021 09:07:04.020 GMT-0000,3467.303,3460.82,0.02,0.02
26.03.2021 09:07:07.392 GMT-0000,3466.3440000000005,3460.5740000000005,0.0075,0.02
26.03.2021 09:07:09.444 GMT-0000,3466.3440000000005,3459.6150000000002,0.02,0.02
26.03.2021 09:07:09.504 GMT-0000,3464.385,3459.5740000000005,0.0075,0.02
26.03.2021 09:07:12.449 GMT-0000,3463.5490000000004,3459.6150000000002,0.0075,0.0075
26.03.2021 09:07:12.500 GMT-0000,3463.508,3454.6150000000002,0.02,0.02
26.03.2021 09:07:12.856 GMT-0000,3464.1800000000003,3454.6150000000002,0.02,0.02
26.03.2021 09:07:12.906 GMT-0000,3463.3440000000005,3454.6150000000002,0.02,0.02
26.03.2021 09:07:13.007 GMT-0000,3464.262,3455.533,0.02,0.02
26.03.2021 09:07:13.930 GMT-0000,3464.1800000000003,3456.492,0.02,0.0075
26.03.2021 09:07:15.442 GMT-0000,3464.1800000000003,3458,0.02,0.0075
26.03.2021 09:07:17.027 GMT-0000,3464,3456.492,0.02,0.02
26.03.2021 09:07:19.803 GMT-0000,3462.3440000000005,3456.6150000000002,0.0075,0.02
26.03.2021 09:07:20.611 GMT-0000,3461.3440000000005,3455.6150000000002,0.02,0.02
26.03.2021 09:07:32.273 GMT-0000,3460,3455.7790000000005,0.0075,0.0075
26.03.2021 09:07:32.324 GMT-0000,3460.262,3453.697,0.02,0.02
26.03.2021 09:07:32.374 GMT-0000,3458.508,3453.697,0.02,0.02
26.03.2021 09:07:39.905 GMT-0000,3458.3440000000005,3452.82,0.02,0.02
26.03.2021 09:07:40.104 GMT-0000,3457,3452.697,0.0075,0.0075
26.03.2021 09:07:40.154 GMT-0000,3457.262,3451.533,0.02,0.02
26.03.2021 09:07:44.014 GMT-0000,3458,3451.451,0.02,0.02
26.03.2021 09:07:44.065 GMT-0000,3455,3447.5740000000005,0.02,0.02
26.03.2021 09:07:44.165 GMT-0000,3450.303,3445,0.02,0.02
26.03.2021 09:07:44.524 GMT-0000,3450.1800000000003,3446.6150000000002,0.02,0.0075
26.03.2021 09:07:54.546 GMT-0000,3453.262,3446.533,0.02,0.02
26.03.2021 09:07:54.646 GMT-0000,3457.1800000000003,3448,0.02,0.02
26.03.2021 09:07:54.700 GMT-0000,3453.303,3447.5740000000005,0.0075,0.02
26.03.2021 09:07:57.347 GMT-0000,3452.262,3447.451,0.0075,0.02
26.03.2021 09:08:00.612 GMT-0000,3452,3446.451,0.02,0.02
26.03.2021 09:08:19.803 GMT-0000,3452,3448.82,0.02,0.0075
26.03.2021 09:08:19.853 GMT-0000,3453.467,3448.533,0.02,0.02
26.03.2021 09:08:31.030 GMT-0000,3453.5490000000004,3449.738,0.02,0.0075
26.03.2021 09:08:38.734 GMT-0000,3456.221,3450.6150000000002,0.02,0.02
26.03.2021 09:08:38.785 GMT-0000,3456,3451.6150000000002,0.02,0.02
26.03.2021 09:08:49.950 GMT-0000,3458.385,3451.6150000000002,0.02,0.02
26.03.2021 09:08:59.015 GMT-0000,3458.467,3452.7790000000005,0.02,0.02
26.03.2021 09:08:59.124 GMT-0000,3456.221,3452.6150000000002,0.0075,0.02
26.03.2021 09:08:59.536 GMT-0000,3456,3451.451,0.02,0.02
26.03.2021 09:08:59.637 GMT-0000,3461.262,3455.656,0.02,0.02
26.03.2021 09:08:59.799 GMT-0000,3458.467,3455.697,0.0075,0.02
26.03.2021 09:09:00.406 GMT-0000,3458.262,3454.6150000000002,0.02,0.02
26.03.2021 09:09:00.546 GMT-0000,3457.303,3454.451,0.02,0.02
26.03.2021 09:09:03.526 GMT-0000,3457.5490000000004,3451.6150000000002,0.02,0.02
26.03.2021 09:09:03.676 GMT-0000,3457.3440000000005,3450,0.02,0.02
26.03.2021 09:09:03.727 GMT-0000,3456.385,3449.533,0.02,0.02
26.03.2021 09:09:03.939 GMT-0000,3456.385,3448.5740000000005,0.02,0.02
26.03.2021 09:09:03.989 GMT-0000,3454.303,3448.738,0.02,0.02
26.03.2021 09:09:04.523 GMT-0000,3453.426,3448.451,0.02,0.02
26.03.2021 09:09:04.589 GMT-0000,3453.221,3447.451,0.02,0.02
26.03.2021 09:09:04.892 GMT-0000,3456.508,3447.738,0.02,0.02
26.03.2021 09:09:04.942 GMT-0000,3453.508,3447.82,0.02,0.02
26.03.2021 09:09:09.077 GMT-0000,3453.1800000000003,3449.656,0.0075,0.0075
26.03.2021 09:09:09.127 GMT-0000,3457.303,3448.492,0.02,0.02
26.03.2021 09:09:09.744 GMT-0000,3455,3448.451,0.0075,0.02
26.03.2021 09:09:11.168 GMT-0000,3455.5490000000004,3451.6150000000002,0.0075,0.0075
26.03.2021 09:09:11.219 GMT-0000,3457.5490000000004,3451.738,0.02,0.02
26.03.2021 09:09:16.577 GMT-0000,3460.385,3452.451,0.0075,0.0075
26.03.2021 09:09:29.345 GMT-0000,3459.221,3452.7790000000005,0.02,0.02
26.03.2021 09:09:39.092 GMT-0000,3459,3453.7790000000005,0.02,0.0075
26.03.2021 09:09:50.407 GMT-0000,3459.3440000000005,3454.492,0.02,0.02
26.03.2021 09:09:50.632 GMT-0000,3459.5490000000004,3453.451,0.02,0.02
26.03.2021 09:09:50.819 GMT-0000,3459.5490000000004,3454.451,0.02,0.0075
26.03.2021 09:09:51.553 GMT-0000,3459.262,3453.7790000000005,0.02,0.02
26.03.2021 09:10:24.607 GMT-0000,3459.426,3454.7790000000005,0.02,0.0075
26.03.2021 09:10:58.579 GMT-0000,3460.508,3455,0.02,0.02
26.03.2021 09:10:58.630 GMT-0000,3457.262,3454.656,0.02,0.02
26.03.2021 09:11:00.144 GMT-0000,3457.467,3451.6150000000002,0.02,0.02
26.03.2021 09:11:02.488 GMT-0000,3457.385,3452.5740000000005,0.02,0.0075
26.03.2021 09:11:06.147 GMT-0000,3457.5490000000004,3451.697,0.02,0.02
26.03.2021 09:11:09.046 GMT-0000,3457.1800000000003,3452.82,0.02,0.0075
26.03.2021 09:11:28.037 GMT-0000,3460.221,3453.7790000000005,0.02,0.02
26.03.2021 09:11:28.088 GMT-0000,3459.467,3454.82,0.02,0.02
26.03.2021 09:12:00.127 GMT-0000,3462.221,3456.6150000000002,0.02,0.02
26.03.2021 09:12:01.144 GMT-0000,3463.5490000000004,3456.533,0.02,0.02
26.03.2021 09:12:20.188 GMT-0000,3462,3456.492,0.0075,0.02
26.03.2021 09:12:23.473 GMT-0000,3459.262,3456.6150000000002,0.0075,0.02
26.03.2021 09:13:10.590 GMT-0000,3462.467,3456.6150000000002,0.02,0.02
26.03.2021 09:13:21.410 GMT-0000,3460.508,3456.5740000000005,0.0075,0.02
26.03.2021 09:13:36.338 GMT-0000,3460.303,3453.656,0.02,0.02
26.03.2021 09:13:36.389 GMT-0000,3458.426,3453.6150000000002,0.02,0.02
26.03.2021 09:13:36.802 GMT-0000,3458,3452.82,0.02,0.02
26.03.2021 09:13:41.328 GMT-0000,3458.508,3453.82,0.02,0.0075
26.03.2021 09:13:45.197 GMT-0000,3457.426,3453.656,0.0075,0.02
26.03.2021 09:13:57.746 GMT-0000,3458.3440000000005,3451.656,0.02,0.02
26.03.2021 09:13:57.796 GMT-0000,3455.426,3451.82,0.02,0.02
26.03.2021 09:14:12.841 GMT-0000,3455.303,3450.6150000000002,0.02,0.02
26.03.2021 09:14:13.804 GMT-0000,3455.3440000000005,3449.738,0.02,0.02
26.03.2021 09:14:13.897 GMT-0000,3454.426,3449.82,0.0075,0.02
26.03.2021 09:14:14.313 GMT-0000,3454.385,3450.5740000000005,0.02,0.0075
26.03.2021 09:14:14.414 GMT-0000,3455.467,3451,0.02,0.02
26.03.2021 09:14:26.844 GMT-0000,3455.385,3451.697,0.0075,0.0075
26.03.2021 09:14:26.895 GMT-0000,3459,3453.656,0.02,0.02
26.03.2021 09:14:28.184 GMT-0000,3459.303,3452.697,0.02,0.02
26.03.2021 09:14:29.648 GMT-0000,3457.467,3451.697,0.02,0.02
26.03.2021 09:14:29.759 GMT-0000,3456,3451.656,0.02,0.02
26.03.2021 09:14:48.969 GMT-0000,3456.1800000000003,3452.492,0.02,0.02
26.03.2021 09:14:49.019 GMT-0000,3459.508,3453.82,0.02,0.02
26.03.2021 09:14:49.070 GMT-0000,3461.467,3454.492,0.02,0.02
26.03.2021 09:15:03.234 GMT-0000,3460.426,3454.656,0.02,0.02
26.03.2021 09:15:08.908 GMT-0000,3461.262,3454.533,0.02,0.02
26.03.2021 09:15:35.810 GMT-0000,3463.1800000000003,3456.5740000000005,0.02,0.02
26.03.2021 09:15:36.253 GMT-0000,3462,3456.492,0.0075,0.02
26.03.2021 09:15:36.304 GMT-0000,3463.5490000000004,3456.5740000000005,0.02,0.02
26.03.2021 09:15:49.009 GMT-0000,3463.508,3457.5740000000005,0.02,0.0075
26.03.2021 09:16:00.824 GMT-0000,3463.221,3458.451,0.0075,0.0075
26.03.2021 09:16:00.874 GMT-0000,3464.3440000000005,3458.6150000000002,0.02,0.02
26.03.2021 09:16:10.092 GMT-0000,3463.426,3458.7790000000005,0.0075,0.02
26.03.2021 09:16:35.302 GMT-0000,3463.5490000000004,3456.492,0.02,0.02
26.03.2021 09:16:35.360 GMT-0000,3460.508,3456.738,0.0075,0.0075
26.03.2021 09:16:35.410 GMT-0000,3460.508,3454.5740000000005,0.02,0.02
26.03.2021 09:16:37.543 GMT-0000,3459.3440000000005,3454.82,0.02,0.02
26.03.2021 09:16:40.394 GMT-0000,3457.5490000000004,3454.5740000000005,0.0075,0.0075
26.03.2021 09:16:40.444 GMT-0000,3457.467,3451.6150000000002,0.02,0.02
26.03.2021 09:16:44.590 GMT-0000,3457.5490000000004,3452.7790000000005,0.0075,0.0075
26.03.2021 09:16:44.640 GMT-0000,3458.426,3452.451,0.02,0.02
26.03.2021 09:16:45.086 GMT-0000,3456.385,3452.82,0.0075,0.02
26.03.2021 09:16:45.493 GMT-0000,3456.5490000000004,3451.656,0.02,0.02
26.03.2021 09:16:59.380 GMT-0000,3456.1800000000003,3452.451,0.02,0.02
26.03.2021 09:16:59.681 GMT-0000,3456.5490000000004,3451.82,0.02,0.02
26.03.2021 09:17:07.088 GMT-0000,3456.221,3452.738,0.02,0.0075
26.03.2021 09:17:48.510 GMT-0000,3458,3454.6150000000002,0.02,0.02
26.03.2021 09:17:48.988 GMT-0000,3459.426,3454.656,0.02,0.02
26.03.2021 09:17:49.479 GMT-0000,3458.5490000000004,3454.697,0.0075,0.02
26.03.2021 09:17:59.412 GMT-0000,3457.508,3452.533,0.02,0.02
26.03.2021 09:18:52.380 GMT-0000,3457.467,3454,0.02,0.0075
26.03.2021 09:19:30.790 GMT-0000,3457.262,3452.492,0.02,0.02
26.03.2021 09:19:41.682 GMT-0000,3457.385,3453.533,0.02,0.0075
26.03.2021 09:20:00.189 GMT-0000,3457.3440000000005,3452.82,0.02,0.02
26.03.2021 09:20:00.240 GMT-0000,3456.1800000000003,3453,0.02,0.02
26.03.2021 09:21:03.288 GMT-0000,3455.508,3452.6150000000002,0.0075,0.02
26.03.2021 09:21:13.285 GMT-0000,3455.262,3453.656,0.0075,0.0075
26.03.2021 09:21:13.336 GMT-0000,3458.303,3452.533,0.02,0.02
26.03.2021 09:21:13.447 GMT-0000,3457.1800000000003,3452.492,0.0075,0.02
26.03.2021 09:21:23.781 GMT-0000,3457.467,3453.656,0.02,0.0075
26.03.2021 09:21:48.589 GMT-0000,3456.221,3453,0.02,0.02
26.03.2021 09:21:50.807 GMT-0000,3457.385,3452.451,0.02,0.02
26.03.2021 09:21:58.997 GMT-0000,3455.385,3452.7790000000005,0.0075,0.0075
26.03.2021 09:21:59.048 GMT-0000,3455.303,3449.533,0.02,0.02
26.03.2021 09:22:03.235 GMT-0000,3454.3440000000005,3449.533,0.0075,0.02
26.03.2021 09:22:03.335 GMT-0000,3453.303,3447.533,0.02,0.02
26.03.2021 09:22:08.288 GMT-0000,3452.303,3447.533,0.0075,0.02
26.03.2021 09:22:18.127 GMT-0000,3451.303,3448,0.0075,0.0075
26.03.2021 09:22:18.177 GMT-0000,3451.262,3445.82,0.02,0.02
26.03.2021 09:22:18.227 GMT-0000,3450.262,3445.7790000000005,0.02,0.02
26.03.2021 09:22:21.563 GMT-0000,3450.426,3444.697,0.02,0.02
26.03.2021 09:22:21.696 GMT-0000,3450.5490000000004,3446.5740000000005,0.02,0.0075
26.03.2021 09:22:35.151 GMT-0000,3450.303,3445.656,0.02,0.02
26.03.2021 09:22:35.830 GMT-0000,3449.221,3445.82,0.0075,0.0075
26.03.2021 09:22:35.881 GMT-0000,3449.3440000000005,3444.451,0.02,0.02
26.03.2021 09:22:35.935 GMT-0000,3449.221,3445.451,0.0075,0.0075
26.03.2021 09:22:35.985 GMT-0000,3450.508,3445.738,0.02,0.02
26.03.2021 09:23:55.716 GMT-0000,3447.385,3446,0.0075,0.0075
26.03.2021 09:23:55.767 GMT-0000,3447.1800000000003,3443.656,0.02,0.02
26.03.2021 09:24:01.467 GMT-0000,3447,3442.697,0.02,0.02
26.03.2021 09:24:01.518 GMT-0000,3447.426,3441.492,0.02,0.02
26.03.2021 09:24:02.032 GMT-0000,3446.385,3441.7790000000005,0.0075,0.02
26.03.2021 09:24:02.505 GMT-0000,3446.5490000000004,3442.697,0.02,0.02
26.03.2021 09:24:02.635 GMT-0000,3446.426,3441.451,0.02,0.02
26.03.2021 09:24:03.164 GMT-0000,3445.385,3442,0.02,0.02
26.03.2021 09:24:03.215 GMT-0000,3445.221,3440.697,0.02,0.02
26.03.2021 09:24:03.419 GMT-0000,3445,3441.738,0.02,0.0075
26.03.2021 09:24:18.651 GMT-0000,3446.1800000000003,3441.738,0.02,0.02
26.03.2021 09:24:37.167 GMT-0000,3445.467,3440.697,0.02,0.02
26.03.2021 09:24:57.090 GMT-0000,3445.508,3441.82,0.02,0.0075
26.03.2021 09:24:57.641 GMT-0000,3445.426,3440.451,0.02,0.02
26.03.2021 09:26:00.044 GMT-0000,3445.221,3442.5740000000005,0.02,0.0075
26.03.2021 09:26:04.459 GMT-0000,3445.426,3441,0.02,0.02
26.03.2021 09:26:06.144 GMT-0000,3444.385,3440.533,0.02,0.02
26.03.2021 09:26:06.194 GMT-0000,3444.221,3439.697,0.02,0.02
26.03.2021 09:26:06.244 GMT-0000,3443.467,3438.82,0.02,0.02
26.03.2021 09:26:07.262 GMT-0000,3443.262,3439.6150000000002,0.02,0.02
26.03.2021 09:26:14.569 GMT-0000,3443.1800000000003,3439,0.02,0.02
26.03.2021 09:26:14.740 GMT-0000,3443.221,3439.492,0.02,0.0075
26.03.2021 09:26:15.829 GMT-0000,3443.508,3438.6150000000002,0.02,0.02
26.03.2021 09:26:25.722 GMT-0000,3443.426,3439.697,0.02,0.02
26.03.2021 09:26:28.915 GMT-0000,3444.221,3441,0.02,0.02
26.03.2021 09:26:41.605 GMT-0000,3444.467,3439.656,0.02,0.02
26.03.2021 09:26:42.656 GMT-0000,3443.508,3439.5740000000005,0.02,0.02
26.03.2021 09:27:29.572 GMT-0000,3443.5,3442.451,0.0075,0.0075
26.03.2021 09:27:29.622 GMT-0000,3451.426,3447.656,0.02,0.02
26.03.2021 09:27:29.728 GMT-0000,3449.508,3444.492,0.02,0.02
26.03.2021 09:27:29.917 GMT-0000,3453.467,3447.451,0.02,0.02
26.03.2021 09:27:30.148 GMT-0000,3452.3440000000005,3447.5740000000005,0.0075,0.0075
26.03.2021 09:27:30.198 GMT-0000,3454.5490000000004,3447.492,0.02,0.02
26.03.2021 09:27:30.248 GMT-0000,3454.262,3448.492,0.02,0.02
26.03.2021 09:27:31.698 GMT-0000,3452.3440000000005,3448.82,0.02,0.02
26.03.2021 09:27:31.848 GMT-0000,3451.5490000000004,3446.82,0.02,0.02
26.03.2021 09:27:31.904 GMT-0000,3451.385,3447.492,0.02,0.0075
26.03.2021 09:27:32.004 GMT-0000,3451.426,3446.82,0.02,0.02
26.03.2021 09:27:32.055 GMT-0000,3450.221,3446.6150000000002,0.02,0.02
26.03.2021 09:27:38.031 GMT-0000,3450.508,3447.82,0.0075,0.0075
26.03.2021 09:27:38.081 GMT-0000,3454,3447.451,0.02,0.02
26.03.2021 09:27:38.182 GMT-0000,3454.3440000000005,3448.82,0.02,0.02
26.03.2021 09:27:38.354 GMT-0000,3455.508,3448.7790000000005,0.02,0.02
26.03.2021 09:27:51.490 GMT-0000,3456.467,3448.533,0.02,0.02
26.03.2021 09:27:51.829 GMT-0000,3455.1800000000003,3448.738,0.0075,0.02
26.03.2021 09:27:52.899 GMT-0000,3452.262,3448.451,0.0075,0.0075
26.03.2021 09:27:52.950 GMT-0000,3450.3440000000005,3444.738,0.02,0.02
26.03.2021 09:27:53.300 GMT-0000,3449.1800000000003,3444.738,0.0075,0.02
26.03.2021 09:27:54.896 GMT-0000,3449.3440000000005,3445.82,0.02,0.0075
26.03.2021 09:27:55.014 GMT-0000,3448,3445.82,0.0075,0.0075
26.03.2021 09:27:55.064 GMT-0000,3448.221,3444.7790000000005,0.02,0.02
26.03.2021 09:28:04.953 GMT-0000,3448.426,3446.697,0.0075,0.0075
26.03.2021 09:28:05.003 GMT-0000,3449.508,3446.6150000000002,0.02,0.02
26.03.2021 09:30:17.201 GMT-0000,3448.467,3445,0.01,0.01
26.03.2021 09:30:17.252 GMT-0000,3448.5490000000004,3443.5740000000005,0.02,0.02
26.03.2021 09:30:17.302 GMT-0000,3447,3442.82,0.02,0.02
26.03.2021 09:30:17.352 GMT-0000,3447.426,3441.6150000000002,0.02,0.02
26.03.2021 09:30:17.425 GMT-0000,3446.385,3441.5740000000005,0.0075,0.02
26.03.2021 09:30:17.607 GMT-0000,3447.385,3441.7790000000005,0.02,0.02
26.03.2021 09:30:18.286 GMT-0000,3447.426,3442.533,0.0075,0.0075
26.03.2021 09:30:18.337 GMT-0000,3448.303,3442.7790000000005,0.02,0.02
26.03.2021 09:30:20.945 GMT-0000,3447.385,3442.656,0.0075,0.02
26.03.2021 09:31:01.549 GMT-0000,3448.467,3443.697,0.02,0.02
26.03.2021 09:31:01.700 GMT-0000,3447.385,3443,0.0075,0.02
26.03.2021 09:31:01.751 GMT-0000,3448.1800000000003,3442.7790000000005,0.02,0.02
26.03.2021 09:31:02.214 GMT-0000,3447.3440000000005,3442.6150000000002,0.02,0.02
26.03.2021 09:31:02.317 GMT-0000,3448.262,3442.656,0.02,0.02
26.03.2021 09:31:02.934 GMT-0000,3447.5490000000004,3442.451,0.0075,0.02
26.03.2021 09:31:03.923 GMT-0000,3448.303,3443,0.02,0.02
26.03.2021 09:31:09.980 GMT-0000,3447,3442.82,0.0075,0.02
26.03.2021 09:31:10.971 GMT-0000,3448.262,3442.492,0.02,0.02
26.03.2021 09:31:15.950 GMT-0000,3447.385,3442.697,0.0075,0.02
26.03.2021 09:31:16.604 GMT-0000,3446.262,3443,0.02,0.02
26.03.2021 09:31:23.155 GMT-0000,3446.385,3441.82,0.02,0.02
26.03.2021 09:31:26.121 GMT-0000,3445.221,3441.738,0.0075,0.02
26.03.2021 09:31:34.006 GMT-0000,3445.426,3440.492,0.02,0.02
26.03.2021 09:31:35.069 GMT-0000,3444,3440.82,0.0075,0.02
26.03.2021 09:31:55.167 GMT-0000,3444.1800000000003,3439.492,0.02,0.02
26.03.2021 09:31:56.093 GMT-0000,3444.467,3440.82,0.02,0.0075
26.03.2021 09:32:06.339 GMT-0000,3444.385,3440,0.02,0.02
26.03.2021 09:32:06.530 GMT-0000,3443,3439.738,0.02,0.02
26.03.2021 09:32:06.580 GMT-0000,3444.1800000000003,3439.492,0.02,0.02
26.03.2021 09:32:07.101 GMT-0000,3443.1800000000003,3440,0.0075,0.02
26.03.2021 09:32:07.605 GMT-0000,3442.5490000000004,3438.451,0.02,0.02
26.03.2021 09:32:12.159 GMT-0000,3442.5490000000004,3437.5740000000005,0.02,0.02
26.03.2021 09:32:20.000 GMT-0000,3440.508,3436.533,0.02,0.02
26.03.2021 09:32:20.743 GMT-0000,3440,3435.697,0.02,0.02
26.03.2021 09:32:42.028 GMT-0000,3446.5490000000004,3440.7790000000005,0.02,0.02
26.03.2021 09:32:42.170 GMT-0000,3446.426,3442.738,0.02,0.0075
26.03.2021 09:32:42.221 GMT-0000,3447.467,3442.7790000000005,0.02,0.02
26.03.2021 09:32:48.609 GMT-0000,3447.426,3443.738,0.02,0.02
26.03.2021 09:33:01.364 GMT-0000,3445.467,3443.656,0.0075,0.0075
26.03.2021 09:33:01.414 GMT-0000,3445.221,3441.738,0.02,0.02
26.03.2021 09:33:07.174 GMT-0000,3447.3440000000005,3442.533,0.02,0.02
26.03.2021 09:33:28.253 GMT-0000,3447.385,3443.697,0.0075,0.0075
26.03.2021 09:33:28.303 GMT-0000,3450,3445,0.02,0.02
26.03.2021 09:33:28.354 GMT-0000,3449.262,3445,0.02,0.02
26.03.2021 09:33:28.505 GMT-0000,3450.262,3445.656,0.02,0.02
26.03.2021 09:33:38.363 GMT-0000,3451.1800000000003,3445.656,0.02,0.02
26.03.2021 09:34:15.239 GMT-0000,3449.508,3445.7790000000005,0.0075,0.0075
26.03.2021 09:34:15.289 GMT-0000,3449.3440000000005,3444.6150000000002,0.02,0.02
26.03.2021 09:34:22.013 GMT-0000,3448.1800000000003,3444.5740000000005,0.0075,0.02
26.03.2021 09:35:14.667 GMT-0000,3448.262,3445.492,0.0075,0.0075
26.03.2021 09:35:14.717 GMT-0000,3449.3440000000005,3445.656,0.02,0.02
26.03.2021 09:35:14.905 GMT-0000,3449.3440000000005,3447.6150000000002,0.02,0.0075
26.03.2021 09:35:23.588 GMT-0000,3449,3444.7790000000005,0.02,0.02
26.03.2021 09:35:45.561 GMT-0000,3449.221,3446.738,0.02,0.02
26.03.2021 09:35:45.646 GMT-0000,3449,3445.533,0.02,0.02
26.03.2021 09:35:49.577 GMT-0000,3452.467,3446.738,0.02,0.02
26.03.2021 09:35:49.627 GMT-0000,3449.1800000000003,3445.7790000000005,0.02,0.02
26.03.2021 09:35:49.778 GMT-0000,3450.426,3445.492,0.02,0.02
26.03.2021 09:35:59.205 GMT-0000,3450.5490000000004,3447.533,0.02,0.0075
26.03.2021 09:35:59.256 GMT-0000,3450.508,3446.697,0.02,0.02
26.03.2021 09:36:50.068 GMT-0000,3450.426,3447.492,0.0075,0.0075
26.03.2021 09:36:50.118 GMT-0000,3453.385,3448.7790000000005,0.02,0.02
26.03.2021 09:36:50.169 GMT-0000,3451.262,3448.5740000000005,0.02,0.02
26.03.2021 09:36:50.219 GMT-0000,3452.3440000000005,3448.451,0.02,0.02
26.03.2021 09:36:59.726 GMT-0000,3450.5490000000004,3449,0.0075,0.02
26.03.2021 09:37:35.321 GMT-0000,3453.508,3448.82,0.02,0.02
26.03.2021 09:37:35.422 GMT-0000,3451.262,3448.6150000000002,0.02,0.02
26.03.2021 09:39:10.317 GMT-0000,3451.508,3449.6150000000002,0.0075,0.0075
26.03.2021 09:39:10.368 GMT-0000,3453.508,3449.5740000000005,0.02,0.02
26.03.2021 09:39:10.496 GMT-0000,3453.467,3451,0.0075,0.0075
26.03.2021 09:39:10.547 GMT-0000,3454,3450.533,0.02,0.02
26.03.2021 09:39:11.031 GMT-0000,3454,3451.451,0.0075,0.0075
26.03.2021 09:39:11.081 GMT-0000,3456.467,3451.738,0.02,0.02
26.03.2021 09:39:12.394 GMT-0000,3455.262,3451.451,0.0075,0.02
26.03.2021 09:39:35.193 GMT-0000,3455.262,3452.6150000000002,0.02,0.02
26.03.2021 09:39:35.243 GMT-0000,3457.262,3452.451,0.02,0.02
26.03.2021 09:39:35.309 GMT-0000,3457.467,3451.492,0.02,0.02
26.03.2021 09:39:42.061 GMT-0000,3455.426,3451.533,0.0075,0.02
26.03.2021 09:39:42.288 GMT-0000,3455.262,3452.738,0.02,0.0075
26.03.2021 09:39:45.648 GMT-0000,3455.467,3451.6150000000002,0.02,0.02
26.03.2021 09:39:48.674 GMT-0000,3455.262,3452.82,0.02,0.02
26.03.2021 09:39:59.721 GMT-0000,3455.508,3451.697,0.02,0.02
26.03.2021 09:40:50.581 GMT-0000,3455.385,3452.451,0.02,0.02
26.03.2021 09:41:16.700 GMT-0000,3455.5490000000004,3451.492,0.02,0.02
26.03.2021 09:41:16.750 GMT-0000,3454.426,3451.656,0.02,0.02
26.03.2021 09:43:20.713 GMT-0000,3456,3451.6150000000002,0.01,0.01
26.03.2021 09:44:14.131 GMT-0000,3456.3440000000005,3452.451,0.02,0.02
26.03.2021 09:44:14.238 GMT-0000,3456.508,3454,0.02,0.02
26.03.2021 09:44:15.234 GMT-0000,3459.1800000000003,3455.7790000000005,0.02,0.02
26.03.2021 09:44:20.741 GMT-0000,3458.385,3455.6150000000002,0.0075,0.02
26.03.2021 09:45:15.262 GMT-0000,3461.5490000000004,3458.451,0.02,0.02
26.03.2021 09:45:27.090 GMT-0000,3462.467,3458.82,0.02,0.02
26.03.2021 09:46:45.321 GMT-0000,3461.221,3458.738,0.0075,0.0075
26.03.2021 09:46:45.371 GMT-0000,3460.303,3455.492,0.02,0.02
26.03.2021 09:46:45.421 GMT-0000,3464.385,3459.656,0.02,0.02
26.03.2021 09:46:45.555 GMT-0000,3464,3460.492,0.02,0.02
26.03.2021 09:46:48.551 GMT-0000,3465.426,3460.738,0.02,0.02
26.03.2021 09:47:09.820 GMT-0000,3464.385,3460.451,0.02,0.02
26.03.2021 09:48:20.230 GMT-0000,3463.467,3460.7790000000005,0.0075,0.02
26.03.2021 09:48:20.407 GMT-0000,3464.262,3460.451,0.02,0.02
26.03.2021 09:48:20.475 GMT-0000,3463.262,3461,0.0075,0.0075
26.03.2021 09:48:20.526 GMT-0000,3463.221,3458.697,0.02,0.02
26.03.2021 09:48:21.568 GMT-0000,3462.3440000000005,3457.697,0.02,0.02
26.03.2021 09:48:29.296 GMT-0000,3462.3440000000005,3458.451,0.02,0.0075
26.03.2021 09:48:29.347 GMT-0000,3462.3440000000005,3457.6150000000002,0.02,0.02
26.03.2021 09:48:29.397 GMT-0000,3462.221,3458.5740000000005,0.02,0.02
26.03.2021 09:48:29.505 GMT-0000,3463.5490000000004,3458.738,0.02,0.02
26.03.2021 09:48:42.171 GMT-0000,3462.508,3457.656,0.02,0.02
26.03.2021 09:49:26.308 GMT-0000,3462.221,3458.82,0.0075,0.0075
26.03.2021 09:49:26.358 GMT-0000,3464.262,3459.6150000000002,0.02,0.02
26.03.2021 09:49:26.409 GMT-0000,3463.426,3460,0.02,0.02
26.03.2021 09:49:33.637 GMT-0000,3463,3460.82,0.02,0.0075
26.03.2021 09:49:39.892 GMT-0000,3463.508,3458.6150000000002,0.02,0.02
26.03.2021 09:49:39.942 GMT-0000,3463.1800000000003,3459.6150000000002,0.02,0.02
26.03.2021 09:49:46.958 GMT-0000,3463.467,3461,0.02,0.02
26.03.2021 09:49:48.942 GMT-0000,3463.508,3459.533,0.02,0.02
26.03.2021 09:50:23.958 GMT-0000,3463.262,3461,0.02,0.02
26.03.2021 09:50:24.009 GMT-0000,3466.467,3461.7790000000005,0.02,0.02
26.03.2021 09:50:24.059 GMT-0000,3464.303,3460.7790000000005,0.02,0.02
26.03.2021 09:50:24.186 GMT-0000,3465,3460.5740000000005,0.02,0.02
26.03.2021 09:50:24.508 GMT-0000,3464.508,3460.5740000000005,0.0075,0.02
26.03.2021 09:50:25.436 GMT-0000,3464.467,3459.492,0.02,0.02
26.03.2021 09:50:26.093 GMT-0000,3463.303,3459.7790000000005,0.0075,0.0075
26.03.2021 09:50:26.143 GMT-0000,3463.385,3458.738,0.02,0.02
26.03.2021 09:50:26.982 GMT-0000,3463.303,3459.738,0.02,0.0075
26.03.2021 09:50:35.412 GMT-0000,3463.303,3460.5740000000005,0.02,0.0075
26.03.2021 09:50:45.338 GMT-0000,3463.303,3459.533,0.02,0.02
26.03.2021 09:50:52.374 GMT-0000,3463.3440000000005,3458.533,0.02,0.02
26.03.2021 09:50:53.726 GMT-0000,3462.467,3457.7790000000005,0.02,0.02
26.03.2021 09:50:53.835 GMT-0000,3461.426,3456.697,0.02,0.02
26.03.2021 09:50:54.292 GMT-0000,3461.385,3457.6150000000002,0.02,0.0075
26.03.2021 09:51:17.296 GMT-0000,3460.467,3457.697,0.0075,0.0075
26.03.2021 09:51:17.347 GMT-0000,3460.508,3455.533,0.02,0.02
26.03.2021 09:51:21.525 GMT-0000,3461.1800000000003,3455.5740000000005,0.02,0.02
26.03.2021 09:51:23.900 GMT-0000,3460.5490000000004,3456.533,0.02,0.02
26.03.2021 09:51:36.288 GMT-0000,3459.262,3456.697,0.0075,0.02
26.03.2021 09:51:44.589 GMT-0000,3459.262,3456,0.02,0.02
26.03.2021 09:51:44.740 GMT-0000,3458.508,3454.451,0.02,0.02
26.03.2021 09:51:45.654 GMT-0000,3459.262,3454.451,0.02,0.02
26.03.2021 09:51:47.308 GMT-0000,3459.385,3455.697,0.02,0.0075
26.03.2021 09:51:52.177 GMT-0000,3459.221,3454.7790000000005,0.02,0.02
26.03.2021 09:52:03.642 GMT-0000,3459.262,3455.656,0.02,0.02
26.03.2021 09:52:41.371 GMT-0000,3458.262,3455.6150000000002,0.0075,0.02
26.03.2021 09:52:41.421 GMT-0000,3457.3440000000005,3452.451,0.02,0.02
26.03.2021 09:52:49.798 GMT-0000,3456.221,3452.5740000000005,0.02,0.02
26.03.2021 09:53:01.568 GMT-0000,3456.262,3451.656,0.02,0.02
26.03.2021 09:53:02.100 GMT-0000,3455.262,3451.697,0.0075,0.0075
26.03.2021 09:53:12.504 GMT-0000,3455.5490000000004,3452.533,0.02,0.0075
26.03.2021 09:54:28.208 GMT-0000,3456.426,3452.697,0.02,0.02
26.03.2021 09:54:38.324 GMT-0000,3455.426,3452.492,0.0075,0.0075
26.03.2021 09:54:38.374 GMT-0000,3455.508,3451.492,0.02,0.02
26.03.2021 09:54:43.694 GMT-0000,3455.221,3453,0.02,0.02
26.03.2021 09:56:00.599 GMT-0000,3455.303,3453.5740000000005,0.02,0.02
26.03.2021 09:56:06.836 GMT-0000,3454.221,3451.533,0.02,0.02
26.03.2021 09:56:10.581 GMT-0000,3454.508,3450.697,0.02,0.02
26.03.2021 09:56:10.632 GMT-0000,3454.3440000000005,3452.738,0.02,0.02
26.03.2021 09:56:17.143 GMT-0000,3454.467,3450.6150000000002,0.02,0.02
26.03.2021 09:56:50.414 GMT-0000,3453.426,3448.492,0.02,0.02
26.03.2021 09:56:54.588 GMT-0000,3453.5490000000004,3449.738,0.02,0.02
26.03.2021 09:57:18.010 GMT-0000,3453.3440000000005,3450.7790000000005,0.02,0.02
26.03.2021 09:57:18.060 GMT-0000,3453.303,3449.7790000000005,0.02,0.02
26.03.2021 09:57:59.448 GMT-0000,3453.303,3451,0.0075,0.0075
26.03.2021 09:57:59.499 GMT-0000,3455.221,3450.7790000000005,0.02,0.02
