Local time,Ask,Bid,AskVolume,BidVolume
23.03.2021 08:00:15.679 GMT-0000,3305.3440000000005,3290.82,0.02,0.02
23.03.2021 08:00:16.913 GMT-0000,3286.5490000000004,3276.492,0.02,0.02
23.03.2021 08:00:23.104 GMT-0000,3276.303,3257.7790000000005,0.02,0.02
23.03.2021 08:00:23.285 GMT-0000,3283.467,3258.697,0.0075,0.02
23.03.2021 08:00:25.674 GMT-0000,3293.221,3263.697,0.02,0.02
23.03.2021 08:00:25.806 GMT-0000,3291.262,3263.492,0.02,0.02
23.03.2021 08:00:26.114 GMT-0000,3291.5490000000004,3264.7790000000005,0.02,0.02
23.03.2021 08:00:26.709 GMT-0000,3291.467,3270.533,0.02,0.0075
23.03.2021 08:00:26.964 GMT-0000,3293,3271,0.02,0.02
23.03.2021 08:00:27.014 GMT-0000,3288.426,3270.7790000000005,0.02,0.02
23.03.2021 08:00:27.134 GMT-0000,3288.262,3269.533,0.02,0.02
23.03.2021 08:00:27.927 GMT-0000,3288.303,3260.656,0.02,0.02
23.03.2021 08:00:29.077 GMT-0000,3285.467,3260.82,0.0075,0.02
23.03.2021 08:00:29.688 GMT-0000,3285.508,3264,0.02,0.0075
23.03.2021 08:00:30.399 GMT-0000,3287.303,3263.5740000000005,0.02,0.02
23.03.2021 08:00:30.499 GMT-0000,3285.385,3260,0.02,0.02
23.03.2021 08:00:31.353 GMT-0000,3284.1800000000003,3259.451,0.0075,0.02
23.03.2021 08:00:31.480 GMT-0000,3283,3259.533,0.0075,0.02
23.03.2021 08:00:32.476 GMT-0000,3275.303,3260,0.0075,0.02
23.03.2021 08:00:37.692 GMT-0000,3273.303,3259.5740000000005,0.0075,0.02
23.03.2021 08:00:37.793 GMT-0000,3270.303,3246.656,0.02,0.02
23.03.2021 08:00:38.099 GMT-0000,3273.3440000000005,3246.5740000000005,0.02,0.02
23.03.2021 08:00:38.458 GMT-0000,3273.1800000000003,3246,0.02,0.02
23.03.2021 08:00:39.184 GMT-0000,3274.467,3246.697,0.02,0.02
23.03.2021 08:00:39.350 GMT-0000,3273.303,3247,0.02,0.02
23.03.2021 08:00:40.788 GMT-0000,3272.303,3247.7790000000005,0.0075,0.0075
23.03.2021 08:00:40.888 GMT-0000,3273.303,3247.492,0.02,0.02
23.03.2021 08:00:41.135 GMT-0000,3274.221,3247.492,0.02,0.02
23.03.2021 08:00:41.808 GMT-0000,3274.3440000000005,3248.533,0.02,0.0075
23.03.2021 08:00:42.297 GMT-0000,3275.385,3250,0.02,0.02
23.03.2021 08:00:42.957 GMT-0000,3275,3251.492,0.02,0.0075
23.03.2021 08:00:43.712 GMT-0000,3275.221,3252.697,0.02,0.0075
23.03.2021 08:00:44.395 GMT-0000,3275.1800000000003,3253.6150000000002,0.02,0.0075
23.03.2021 08:00:45.107 GMT-0000,3275.508,3256,0.02,0.0075
23.03.2021 08:00:45.219 GMT-0000,3274.385,3252.82,0.02,0.02
23.03.2021 08:00:45.722 GMT-0000,3273.385,3252.697,0.02,0.02
23.03.2021 08:00:47.777 GMT-0000,3276.221,3252.451,0.02,0.02
23.03.2021 08:00:48.720 GMT-0000,3274,3252.7790000000005,0.02,0.02
23.03.2021 08:00:50.741 GMT-0000,3274.467,3255.697,0.02,0.0075
23.03.2021 08:00:51.994 GMT-0000,3273.508,3255.738,0.0075,0.02
23.03.2021 08:00:56.790 GMT-0000,3273.1800000000003,3253.492,0.02,0.02
23.03.2021 08:01:01.390 GMT-0000,3273.221,3254.492,0.02,0.0075
23.03.2021 08:01:01.491 GMT-0000,3273.385,3253.7790000000005,0.02,0.02
23.03.2021 08:01:04.096 GMT-0000,3273.5490000000004,3255,0.02,0.0075
23.03.2021 08:01:06.512 GMT-0000,3272.426,3255,0.0075,0.02
23.03.2021 08:01:10.592 GMT-0000,3273.426,3254.492,0.02,0.02
23.03.2021 08:01:15.064 GMT-0000,3270.508,3254.697,0.0075,0.0075
23.03.2021 08:01:15.114 GMT-0000,3269.303,3247.697,0.02,0.02
23.03.2021 08:01:15.165 GMT-0000,3269.221,3246.7790000000005,0.02,0.02
23.03.2021 08:01:15.282 GMT-0000,3267.508,3246.697,0.0075,0.0075
23.03.2021 08:01:15.343 GMT-0000,3267.385,3245.738,0.02,0.02
23.03.2021 08:01:15.393 GMT-0000,3266.262,3246,0.02,0.02
23.03.2021 08:01:15.619 GMT-0000,3258.426,3245.697,0.0075,0.02
23.03.2021 08:01:16.209 GMT-0000,3257.385,3235.697,0.02,0.02
23.03.2021 08:01:16.284 GMT-0000,3258.426,3235.7790000000005,0.02,0.02
23.03.2021 08:01:16.948 GMT-0000,3258.385,3236.7790000000005,0.02,0.02
23.03.2021 08:01:17.072 GMT-0000,3255.303,3236.5740000000005,0.0075,0.0075
23.03.2021 08:01:17.123 GMT-0000,3255.5490000000004,3234.738,0.02,0.02
23.03.2021 08:01:17.487 GMT-0000,3255.426,3243.451,0.0075,0.0075
23.03.2021 08:01:17.538 GMT-0000,3258.508,3243.5740000000005,0.02,0.02
23.03.2021 08:01:18.222 GMT-0000,3258.221,3241.5740000000005,0.02,0.0075
23.03.2021 08:01:18.273 GMT-0000,3258.3440000000005,3240.738,0.02,0.02
23.03.2021 08:01:19.172 GMT-0000,3258.508,3241.451,0.02,0.02
23.03.2021 08:01:19.284 GMT-0000,3258.426,3242.6150000000002,0.02,0.0075
23.03.2021 08:01:19.522 GMT-0000,3257.221,3244.7790000000005,0.0075,0.0075
23.03.2021 08:01:20.627 GMT-0000,3255.467,3245,0.0075,0.0075
23.03.2021 08:01:20.677 GMT-0000,3255.303,3241.82,0.02,0.02
23.03.2021 08:01:29.513 GMT-0000,3255.5490000000004,3240.5740000000005,0.02,0.02
23.03.2021 08:01:29.646 GMT-0000,3255.303,3227.7790000000005,0.02,0.02
23.03.2021 08:01:30.749 GMT-0000,3255.303,3238.6150000000002,0.02,0.0075
23.03.2021 08:01:30.969 GMT-0000,3254.508,3238.6150000000002,0.0075,0.02
23.03.2021 08:01:40.245 GMT-0000,3254.5490000000004,3242.7790000000005,0.02,0.02
23.03.2021 08:01:40.295 GMT-0000,3254.426,3238.5740000000005,0.02,0.02
23.03.2021 08:01:40.501 GMT-0000,3254.385,3239.6150000000002,0.02,0.0075
23.03.2021 08:01:40.602 GMT-0000,3254.303,3238.5740000000005,0.02,0.02
23.03.2021 08:01:41.508 GMT-0000,3254.5490000000004,3239.82,0.02,0.0075
23.03.2021 08:01:42.366 GMT-0000,3254,3238.82,0.02,0.02
23.03.2021 08:01:57.907 GMT-0000,3254.5490000000004,3243.5740000000005,0.02,0.0075
23.03.2021 08:01:57.957 GMT-0000,3254,3240.738,0.02,0.02
23.03.2021 08:01:58.376 GMT-0000,3254.467,3246.656,0.0075,0.0075
23.03.2021 08:01:58.427 GMT-0000,3257.385,3245.492,0.02,0.02
23.03.2021 08:01:58.577 GMT-0000,3257.262,3244.492,0.02,0.02
23.03.2021 08:01:59.930 GMT-0000,3257.303,3243.5740000000005,0.02,0.02
23.03.2021 08:02:00.971 GMT-0000,3257.3440000000005,3244.5740000000005,0.02,0.0075
23.03.2021 08:02:01.613 GMT-0000,3257.5490000000004,3245.533,0.02,0.0075
23.03.2021 08:02:01.856 GMT-0000,3257,3247.6150000000002,0.0075,0.0075
23.03.2021 08:02:01.906 GMT-0000,3269.508,3255.6150000000002,0.02,0.02
23.03.2021 08:02:01.957 GMT-0000,3270.221,3255.492,0.02,0.02
23.03.2021 08:02:02.017 GMT-0000,3270.262,3257.6150000000002,0.02,0.02
23.03.2021 08:02:02.165 GMT-0000,3270.385,3255.451,0.02,0.02
23.03.2021 08:02:02.425 GMT-0000,3270.3440000000005,3256.82,0.0075,0.0075
23.03.2021 08:02:02.475 GMT-0000,3271.262,3256.533,0.02,0.02
23.03.2021 08:02:02.526 GMT-0000,3270,3255.5740000000005,0.02,0.02
23.03.2021 08:02:02.816 GMT-0000,3282.3440000000005,3262,0.02,0.02
23.03.2021 08:02:02.884 GMT-0000,3278.467,3265.656,0.0075,0.0075
23.03.2021 08:02:03.020 GMT-0000,3282.5490000000004,3261.6150000000002,0.02,0.02
23.03.2021 08:02:03.347 GMT-0000,3282.221,3260.492,0.02,0.02
23.03.2021 08:02:03.900 GMT-0000,3282.508,3261.656,0.02,0.02
23.03.2021 08:02:04.084 GMT-0000,3276.5490000000004,3260.82,0.0075,0.0075
23.03.2021 08:02:04.134 GMT-0000,3270.303,3248,0.02,0.02
23.03.2021 08:02:04.185 GMT-0000,3270.1800000000003,3246.492,0.02,0.02
23.03.2021 08:02:04.318 GMT-0000,3266.221,3247.82,0.0075,0.0075
23.03.2021 08:02:04.418 GMT-0000,3269.3440000000005,3247.7790000000005,0.02,0.02
23.03.2021 08:02:05.077 GMT-0000,3269.508,3246.82,0.02,0.02
23.03.2021 08:02:06.390 GMT-0000,3261.508,3246.738,0.0075,0.02
23.03.2021 08:02:07.306 GMT-0000,3261.467,3247.533,0.02,0.0075
23.03.2021 08:02:08.296 GMT-0000,3261.467,3253.82,0.0075,0.02
23.03.2021 08:02:08.347 GMT-0000,3262.5490000000004,3247.451,0.02,0.02
23.03.2021 08:02:08.472 GMT-0000,3262.467,3250,0.0075,0.0075
23.03.2021 08:02:08.522 GMT-0000,3274.303,3249.492,0.02,0.02
23.03.2021 08:02:09.027 GMT-0000,3264.426,3249.6150000000002,0.0075,0.02
23.03.2021 08:02:11.492 GMT-0000,3264.385,3256.5740000000005,0.02,0.0075
23.03.2021 08:02:23.334 GMT-0000,3264.5490000000004,3248.492,0.02,0.02
23.03.2021 08:02:23.419 GMT-0000,3264.508,3247.5740000000005,0.02,0.02
23.03.2021 08:02:30.036 GMT-0000,3264,3248.738,0.02,0.02
23.03.2021 08:02:30.617 GMT-0000,3262.385,3249.82,0.02,0.02
23.03.2021 08:02:30.668 GMT-0000,3262,3247.697,0.02,0.02
23.03.2021 08:02:30.874 GMT-0000,3263.385,3247.533,0.02,0.02
23.03.2021 08:02:31.345 GMT-0000,3262.1800000000003,3247.451,0.0075,0.0075
23.03.2021 08:02:31.395 GMT-0000,3262.3440000000005,3246.492,0.02,0.02
23.03.2021 08:02:31.585 GMT-0000,3258.221,3246.6150000000002,0.02,0.02
23.03.2021 08:02:31.635 GMT-0000,3257.385,3239.533,0.02,0.02
23.03.2021 08:02:32.713 GMT-0000,3257.262,3235.7790000000005,0.02,0.0075
23.03.2021 08:02:33.974 GMT-0000,3257.221,3239.738,0.02,0.0075
23.03.2021 08:02:34.618 GMT-0000,3257.303,3242,0.02,0.0075
23.03.2021 08:02:35.057 GMT-0000,3257.508,3245.82,0.0075,0.0075
23.03.2021 08:02:35.107 GMT-0000,3258,3244.656,0.02,0.02
23.03.2021 08:02:35.505 GMT-0000,3257.1800000000003,3244.738,0.0075,0.02
23.03.2021 08:02:36.480 GMT-0000,3256,3244.82,0.0075,0.0075
23.03.2021 08:02:36.531 GMT-0000,3256.467,3244,0.02,0.02
23.03.2021 08:02:36.974 GMT-0000,3256.426,3242.82,0.02,0.02
23.03.2021 08:02:40.132 GMT-0000,3256.467,3241.492,0.02,0.02
23.03.2021 08:02:40.182 GMT-0000,3255,3241.6150000000002,0.02,0.02
23.03.2021 08:02:40.283 GMT-0000,3256.467,3242.656,0.02,0.02
23.03.2021 08:02:41.672 GMT-0000,3255.385,3234.656,0.02,0.02
23.03.2021 08:02:41.754 GMT-0000,3254.467,3234.7790000000005,0.0075,0.02
23.03.2021 08:02:45.705 GMT-0000,3254.303,3236.7790000000005,0.02,0.02
23.03.2021 08:02:46.484 GMT-0000,3253.426,3236.492,0.0075,0.02
23.03.2021 08:02:51.946 GMT-0000,3253.303,3239.533,0.02,0.02
23.03.2021 08:03:03.458 GMT-0000,3253,3241.82,0.02,0.0075
23.03.2021 08:03:04.230 GMT-0000,3253.1800000000003,3239.492,0.02,0.02
23.03.2021 08:03:04.673 GMT-0000,3253.385,3244.697,0.02,0.0075
23.03.2021 08:03:11.484 GMT-0000,3252.426,3244.5740000000005,0.0075,0.02
23.03.2021 08:03:28.241 GMT-0000,3252.3440000000005,3242,0.02,0.02
23.03.2021 08:03:28.292 GMT-0000,3251.262,3241.451,0.02,0.02
23.03.2021 08:03:29.207 GMT-0000,3251.262,3242.656,0.0075,0.0075
23.03.2021 08:03:29.257 GMT-0000,3257.3440000000005,3244.7790000000005,0.02,0.02
23.03.2021 08:03:29.378 GMT-0000,3258.385,3244.82,0.02,0.02
23.03.2021 08:03:29.689 GMT-0000,3255.262,3244.7790000000005,0.02,0.02
23.03.2021 08:03:31.688 GMT-0000,3256,3245.697,0.02,0.02
23.03.2021 08:03:31.789 GMT-0000,3257.1800000000003,3247,0.02,0.02
23.03.2021 08:03:31.917 GMT-0000,3257.262,3245.738,0.02,0.02
23.03.2021 08:03:32.942 GMT-0000,3258.221,3245.451,0.02,0.02
23.03.2021 08:03:33.859 GMT-0000,3258.5490000000004,3252.492,0.02,0.0075
23.03.2021 08:03:35.799 GMT-0000,3265,3252.697,0.02,0.02
23.03.2021 08:03:35.942 GMT-0000,3265,3248.697,0.02,0.02
23.03.2021 08:03:36.267 GMT-0000,3270.1800000000003,3249,0.02,0.02
23.03.2021 08:03:36.317 GMT-0000,3269.385,3248.697,0.02,0.02
23.03.2021 08:03:37.047 GMT-0000,3267.508,3250.451,0.0075,0.0075
23.03.2021 08:03:37.152 GMT-0000,3267.221,3251.492,0.02,0.02
23.03.2021 08:03:37.752 GMT-0000,3267,3257.492,0.02,0.0075
23.03.2021 08:03:38.274 GMT-0000,3269.5490000000004,3257.738,0.02,0.02
23.03.2021 08:03:38.325 GMT-0000,3269.426,3254.738,0.02,0.02
23.03.2021 08:03:38.833 GMT-0000,3269,3259.5740000000005,0.02,0.0075
23.03.2021 08:03:44.509 GMT-0000,3268.1800000000003,3259.492,0.0075,0.0075
23.03.2021 08:03:44.559 GMT-0000,3268.1800000000003,3251.82,0.02,0.02
23.03.2021 08:03:45.522 GMT-0000,3267.426,3251.82,0.0075,0.02
23.03.2021 08:03:46.534 GMT-0000,3268.221,3250.6150000000002,0.02,0.02
23.03.2021 08:03:49.081 GMT-0000,3268.262,3253.5740000000005,0.02,0.0075
23.03.2021 08:03:49.181 GMT-0000,3268.426,3252.6150000000002,0.02,0.02
23.03.2021 08:03:49.232 GMT-0000,3268.426,3250.7790000000005,0.02,0.02
23.03.2021 08:03:50.516 GMT-0000,3267.426,3250.492,0.0075,0.02
23.03.2021 08:03:50.806 GMT-0000,3268.508,3250.656,0.02,0.02
23.03.2021 08:03:51.165 GMT-0000,3267.508,3250.451,0.02,0.02
23.03.2021 08:03:52.288 GMT-0000,3266.1800000000003,3250.7790000000005,0.0075,0.02
23.03.2021 08:03:56.578 GMT-0000,3266.5490000000004,3253.697,0.02,0.0075
23.03.2021 08:03:57.880 GMT-0000,3266.3440000000005,3262.533,0.0075,0.0075
23.03.2021 08:03:57.930 GMT-0000,3274.5490000000004,3262.82,0.02,0.02
23.03.2021 08:03:57.981 GMT-0000,3274.221,3256.6150000000002,0.02,0.02
23.03.2021 08:03:58.031 GMT-0000,3274.385,3257.451,0.02,0.02
23.03.2021 08:03:58.522 GMT-0000,3274.262,3263.656,0.02,0.0075
23.03.2021 08:04:01.676 GMT-0000,3270.1800000000003,3263.656,0.0075,0.02
23.03.2021 08:04:01.929 GMT-0000,3267.3440000000005,3263.5740000000005,0.0075,0.0075
23.03.2021 08:04:01.979 GMT-0000,3267.1800000000003,3253.451,0.02,0.02
23.03.2021 08:04:02.366 GMT-0000,3267.385,3251.451,0.02,0.02
23.03.2021 08:04:02.781 GMT-0000,3266.303,3251.7790000000005,0.0075,0.0075
23.03.2021 08:04:02.831 GMT-0000,3267.467,3251.82,0.02,0.02
23.03.2021 08:04:05.771 GMT-0000,3263.3440000000005,3251.533,0.0075,0.02
23.03.2021 08:04:07.101 GMT-0000,3263.1800000000003,3252.5740000000005,0.02,0.02
23.03.2021 08:04:07.417 GMT-0000,3263.262,3259.492,0.02,0.0075
23.03.2021 08:04:13.555 GMT-0000,3267,3259.697,0.02,0.02
23.03.2021 08:04:14.626 GMT-0000,3268,3259.6150000000002,0.02,0.02
23.03.2021 08:04:17.493 GMT-0000,3265.1800000000003,3259.7790000000005,0.02,0.02
23.03.2021 08:04:23.685 GMT-0000,3264.3440000000005,3259.5740000000005,0.02,0.02
23.03.2021 08:04:23.735 GMT-0000,3264,3251.7790000000005,0.02,0.02
23.03.2021 08:04:23.786 GMT-0000,3262.5490000000004,3248.533,0.02,0.02
23.03.2021 08:04:23.836 GMT-0000,3264.5490000000004,3259.82,0.02,0.02
23.03.2021 08:04:23.886 GMT-0000,3263.385,3249.656,0.02,0.02
23.03.2021 08:04:23.937 GMT-0000,3263.426,3250.6150000000002,0.02,0.02
23.03.2021 08:04:25.399 GMT-0000,3261.262,3250.5740000000005,0.0075,0.0075
23.03.2021 08:04:25.453 GMT-0000,3261,3249.533,0.02,0.02
23.03.2021 08:04:26.943 GMT-0000,3261.1800000000003,3248.738,0.02,0.02
23.03.2021 08:04:26.994 GMT-0000,3260.467,3246.82,0.02,0.02
23.03.2021 08:04:28.756 GMT-0000,3257,3247,0.0075,0.02
23.03.2021 08:04:33.406 GMT-0000,3257.262,3244.656,0.02,0.02
23.03.2021 08:04:36.524 GMT-0000,3255.426,3242.7790000000005,0.02,0.02
23.03.2021 08:04:37.060 GMT-0000,3254.508,3242.656,0.0075,0.02
23.03.2021 08:04:39.524 GMT-0000,3254.221,3239.656,0.02,0.02
23.03.2021 08:04:41.583 GMT-0000,3254.508,3241.738,0.02,0.0075
23.03.2021 08:04:46.497 GMT-0000,3249.1800000000003,3239.656,0.0075,0.0075
23.03.2021 08:04:46.547 GMT-0000,3249,3237.451,0.02,0.02
23.03.2021 08:04:51.180 GMT-0000,3248.3440000000005,3237.697,0.0075,0.02
23.03.2021 08:04:51.380 GMT-0000,3248.262,3238.656,0.02,0.0075
23.03.2021 08:04:51.517 GMT-0000,3247.3440000000005,3238.6150000000002,0.0075,0.02
23.03.2021 08:04:52.041 GMT-0000,3247.262,3237.492,0.02,0.02
23.03.2021 08:04:55.013 GMT-0000,3261.262,3243.5740000000005,0.02,0.02
23.03.2021 08:04:55.155 GMT-0000,3253.221,3244,0.0075,0.02
23.03.2021 08:04:55.205 GMT-0000,3253.467,3242.738,0.02,0.02
23.03.2021 08:05:01.608 GMT-0000,3253.385,3243.533,0.02,0.0075
23.03.2021 08:05:03.492 GMT-0000,3253.1800000000003,3244.492,0.02,0.0075
23.03.2021 08:05:03.593 GMT-0000,3253.426,3243.697,0.02,0.02
23.03.2021 08:05:11.614 GMT-0000,3251.467,3243.697,0.0075,0.02
23.03.2021 08:05:12.001 GMT-0000,3251.1800000000003,3244.7790000000005,0.02,0.0075
23.03.2021 08:05:12.398 GMT-0000,3251,3243.656,0.02,0.02
23.03.2021 08:05:12.967 GMT-0000,3251.385,3244.697,0.0075,0.0075
23.03.2021 08:05:13.017 GMT-0000,3258.385,3244.5740000000005,0.02,0.02
23.03.2021 08:05:13.080 GMT-0000,3258.1800000000003,3246.492,0.0075,0.0075
23.03.2021 08:05:13.130 GMT-0000,3260.1800000000003,3247.451,0.02,0.02
23.03.2021 08:05:13.551 GMT-0000,3260.262,3245,0.02,0.02
23.03.2021 08:05:14.476 GMT-0000,3260.467,3246.5740000000005,0.02,0.0075
23.03.2021 08:05:15.135 GMT-0000,3259.262,3246.738,0.0075,0.0075
23.03.2021 08:05:15.185 GMT-0000,3259.5490000000004,3244.6150000000002,0.02,0.02
23.03.2021 08:05:15.292 GMT-0000,3260.508,3244.697,0.02,0.02
23.03.2021 08:05:15.953 GMT-0000,3260.262,3245.5740000000005,0.02,0.0075
23.03.2021 08:05:16.558 GMT-0000,3259.303,3245.656,0.02,0.02
23.03.2021 08:05:16.738 GMT-0000,3259,3244.656,0.02,0.02
23.03.2021 08:05:20.413 GMT-0000,3259.221,3245.451,0.02,0.0075
23.03.2021 08:05:21.337 GMT-0000,3259.467,3246.5740000000005,0.02,0.0075
23.03.2021 08:05:21.387 GMT-0000,3259.426,3245.738,0.02,0.02
23.03.2021 08:05:23.555 GMT-0000,3258,3245.656,0.0075,0.02
23.03.2021 08:05:30.586 GMT-0000,3258.385,3246.656,0.02,0.02
23.03.2021 08:05:35.458 GMT-0000,3258.467,3246,0.02,0.02
23.03.2021 08:05:45.016 GMT-0000,3258.221,3253.656,0.0075,0.0075
23.03.2021 08:05:45.066 GMT-0000,3267.3440000000005,3254,0.02,0.02
23.03.2021 08:05:45.117 GMT-0000,3267.385,3255.533,0.02,0.02
23.03.2021 08:05:45.246 GMT-0000,3267.385,3258.5740000000005,0.02,0.02
23.03.2021 08:05:45.413 GMT-0000,3270.467,3258.697,0.02,0.02
23.03.2021 08:05:45.472 GMT-0000,3272.426,3258.656,0.02,0.02
23.03.2021 08:05:45.573 GMT-0000,3272,3260.697,0.02,0.02
23.03.2021 08:05:45.735 GMT-0000,3272.221,3262,0.02,0.0075
23.03.2021 08:05:46.131 GMT-0000,3273.303,3261.697,0.02,0.02
23.03.2021 08:05:46.781 GMT-0000,3279.1800000000003,3261.738,0.02,0.02
23.03.2021 08:05:47.084 GMT-0000,3279.467,3262.7790000000005,0.02,0.0075
23.03.2021 08:05:48.709 GMT-0000,3279.508,3266.697,0.02,0.0075
23.03.2021 08:05:49.076 GMT-0000,3278.262,3266.5740000000005,0.0075,0.02
23.03.2021 08:05:51.127 GMT-0000,3275.3440000000005,3267,0.0075,0.02
23.03.2021 08:05:51.489 GMT-0000,3272.1800000000003,3266.82,0.0075,0.02
23.03.2021 08:05:57.551 GMT-0000,3272.426,3258.5740000000005,0.02,0.02
23.03.2021 08:05:57.602 GMT-0000,3272.385,3259.82,0.02,0.02
23.03.2021 08:05:58.498 GMT-0000,3270.5490000000004,3259.697,0.0075,0.0075
23.03.2021 08:05:58.548 GMT-0000,3270.5490000000004,3253.7790000000005,0.02,0.02
23.03.2021 08:05:59.584 GMT-0000,3270.303,3255.451,0.0075,0.0075
23.03.2021 08:05:59.634 GMT-0000,3268.1800000000003,3252.697,0.02,0.02
23.03.2021 08:05:59.685 GMT-0000,3268.467,3253.6150000000002,0.02,0.02
23.03.2021 08:06:00.667 GMT-0000,3268.385,3252.533,0.02,0.02
23.03.2021 08:06:03.388 GMT-0000,3263.303,3251.738,0.0075,0.0075
23.03.2021 08:06:03.438 GMT-0000,3263.221,3249.533,0.02,0.02
23.03.2021 08:06:05.489 GMT-0000,3263.262,3250.5740000000005,0.02,0.02
23.03.2021 08:06:05.632 GMT-0000,3263.5490000000004,3249.697,0.02,0.02
23.03.2021 08:06:06.288 GMT-0000,3263,3251.6150000000002,0.02,0.0075
23.03.2021 08:06:16.733 GMT-0000,3263.5490000000004,3253,0.02,0.0075
23.03.2021 08:06:25.809 GMT-0000,3263.221,3256.451,0.0075,0.0075
23.03.2021 08:06:25.859 GMT-0000,3272.221,3257.451,0.02,0.02
23.03.2021 08:06:29.600 GMT-0000,3268.262,3257.738,0.0075,0.0075
23.03.2021 08:06:29.650 GMT-0000,3268,3256,0.02,0.02
23.03.2021 08:06:35.873 GMT-0000,3268.3440000000005,3257.697,0.02,0.02
23.03.2021 08:06:36.132 GMT-0000,3268.1800000000003,3263.697,0.02,0.0075
23.03.2021 08:06:37.264 GMT-0000,3272,3263.492,0.0075,0.0075
23.03.2021 08:06:37.912 GMT-0000,3273,3261.5740000000005,0.02,0.02
23.03.2021 08:06:39.528 GMT-0000,3269.508,3261.533,0.0075,0.02
23.03.2021 08:06:41.724 GMT-0000,3269,3255.533,0.02,0.02
23.03.2021 08:06:43.948 GMT-0000,3268.303,3255.738,0.02,0.02
23.03.2021 08:06:43.998 GMT-0000,3269,3255.82,0.02,0.02
23.03.2021 08:06:44.483 GMT-0000,3269.508,3259.492,0.02,0.0075
23.03.2021 08:06:44.534 GMT-0000,3269.467,3255.533,0.02,0.02
23.03.2021 08:06:44.958 GMT-0000,3269.3440000000005,3259.6150000000002,0.02,0.0075
23.03.2021 08:06:48.520 GMT-0000,3269.508,3260.656,0.02,0.0075
23.03.2021 08:07:03.928 GMT-0000,3269.303,3263.451,0.02,0.0075
23.03.2021 08:07:04.335 GMT-0000,3269.467,3264.738,0.02,0.02
23.03.2021 08:07:04.920 GMT-0000,3269.508,3265.451,0.02,0.0075
23.03.2021 08:07:05.991 GMT-0000,3269.262,3264.492,0.02,0.02
23.03.2021 08:07:21.870 GMT-0000,3268.303,3257.7790000000005,0.02,0.02
23.03.2021 08:07:21.921 GMT-0000,3269.1800000000003,3257.492,0.02,0.02
23.03.2021 08:07:24.348 GMT-0000,3267.5490000000004,3257.492,0.0075,0.02
23.03.2021 08:07:25.703 GMT-0000,3265.426,3257.533,0.0075,0.0075
23.03.2021 08:07:25.754 GMT-0000,3266.508,3256.492,0.02,0.02
23.03.2021 08:07:25.944 GMT-0000,3267.5490000000004,3259.82,0.02,0.0075
23.03.2021 08:07:28.139 GMT-0000,3267.221,3260.82,0.02,0.0075
23.03.2021 08:07:32.967 GMT-0000,3267.508,3259.492,0.02,0.02
23.03.2021 08:07:40.051 GMT-0000,3267.3440000000005,3260.738,0.02,0.0075
23.03.2021 08:07:41.836 GMT-0000,3267.303,3261.738,0.02,0.02
23.03.2021 08:07:41.956 GMT-0000,3267,3262.451,0.02,0.02
23.03.2021 08:07:57.476 GMT-0000,3267.508,3263.7790000000005,0.02,0.0075
23.03.2021 08:07:58.940 GMT-0000,3267.221,3264.6150000000002,0.02,0.0075
23.03.2021 08:07:59.939 GMT-0000,3267.221,3263.656,0.02,0.02
23.03.2021 08:08:02.905 GMT-0000,3267.221,3264.7790000000005,0.02,0.02
23.03.2021 08:08:06.047 GMT-0000,3268.467,3265.5740000000005,0.02,0.02
23.03.2021 08:08:10.065 GMT-0000,3268.303,3257.492,0.02,0.02
23.03.2021 08:08:10.166 GMT-0000,3267.5490000000004,3256.533,0.02,0.02
23.03.2021 08:08:10.288 GMT-0000,3267,3258.7790000000005,0.0075,0.02
23.03.2021 08:08:10.339 GMT-0000,3268.1800000000003,3259,0.02,0.02
23.03.2021 08:08:10.888 GMT-0000,3265.467,3258.6150000000002,0.0075,0.02
23.03.2021 08:08:11.131 GMT-0000,3265.3440000000005,3259.82,0.02,0.02
23.03.2021 08:08:14.888 GMT-0000,3265.5490000000004,3260.492,0.02,0.0075
23.03.2021 08:08:15.823 GMT-0000,3265.3440000000005,3261.6150000000002,0.02,0.02
23.03.2021 08:08:19.630 GMT-0000,3265.467,3256.82,0.02,0.02
23.03.2021 08:08:19.681 GMT-0000,3265.221,3259.6150000000002,0.02,0.02
23.03.2021 08:08:32.334 GMT-0000,3264.1800000000003,3259.451,0.0075,0.02
23.03.2021 08:08:41.827 GMT-0000,3264.3440000000005,3260.6150000000002,0.02,0.02
23.03.2021 08:08:42.546 GMT-0000,3268.5490000000004,3263.82,0.02,0.02
23.03.2021 08:08:42.672 GMT-0000,3269.508,3263.7790000000005,0.02,0.02
23.03.2021 08:08:43.264 GMT-0000,3269.385,3260.5740000000005,0.02,0.02
23.03.2021 08:08:45.907 GMT-0000,3268.426,3260.492,0.0075,0.02
23.03.2021 08:09:06.146 GMT-0000,3267.508,3260.492,0.0075,0.02
23.03.2021 08:09:13.885 GMT-0000,3269.262,3260.697,0.02,0.02
23.03.2021 08:09:13.936 GMT-0000,3269.262,3264.82,0.02,0.0075
23.03.2021 08:09:14.918 GMT-0000,3269.467,3265.7790000000005,0.02,0.0075
23.03.2021 08:09:16.343 GMT-0000,3271.303,3265.5740000000005,0.02,0.02
23.03.2021 08:09:31.538 GMT-0000,3271.262,3266.697,0.02,0.02
23.03.2021 08:09:31.946 GMT-0000,3271.1800000000003,3267.697,0.02,0.02
23.03.2021 08:09:41.565 GMT-0000,3276.426,3270.533,0.0075,0.02
23.03.2021 08:09:41.616 GMT-0000,3278.5490000000004,3270.5740000000005,0.02,0.02
23.03.2021 08:09:41.906 GMT-0000,3280.508,3271.5740000000005,0.02,0.02
23.03.2021 08:09:41.956 GMT-0000,3280,3273,0.02,0.02
23.03.2021 08:09:42.159 GMT-0000,3278.3440000000005,3272.492,0.02,0.02
23.03.2021 08:09:46.303 GMT-0000,3278.5490000000004,3273.6150000000002,0.02,0.0075
23.03.2021 08:09:52.355 GMT-0000,3275.303,3273.25,0.0075,0.0075
23.03.2021 08:09:52.406 GMT-0000,3276.262,3265.738,0.02,0.02
23.03.2021 08:09:52.476 GMT-0000,3276.303,3269.492,0.02,0.0075
23.03.2021 08:09:52.527 GMT-0000,3276.508,3268.7790000000005,0.02,0.02
23.03.2021 08:09:52.905 GMT-0000,3276.303,3269.656,0.02,0.0075
23.03.2021 08:09:53.088 GMT-0000,3275.262,3269.6150000000002,0.0075,0.02
23.03.2021 08:09:53.487 GMT-0000,3274.467,3269.492,0.02,0.02
23.03.2021 08:09:54.947 GMT-0000,3274.303,3272.7790000000005,0.02,0.02
23.03.2021 08:09:55.338 GMT-0000,3274.303,3270.697,0.02,0.02
23.03.2021 08:10:05.579 GMT-0000,3274.426,3265.738,0.02,0.02
23.03.2021 08:10:06.089 GMT-0000,3273.467,3265.656,0.0075,0.02
23.03.2021 08:10:06.373 GMT-0000,3273.508,3263.5740000000005,0.02,0.02
23.03.2021 08:10:08.518 GMT-0000,3273.1800000000003,3265.451,0.02,0.0075
23.03.2021 08:10:18.871 GMT-0000,3273.508,3268.492,0.0075,0.0075
23.03.2021 08:10:18.921 GMT-0000,3280.508,3267.7790000000005,0.02,0.02
23.03.2021 08:10:18.972 GMT-0000,3278.3440000000005,3269.697,0.02,0.02
23.03.2021 08:10:19.141 GMT-0000,3277.385,3269.533,0.0075,0.02
23.03.2021 08:10:20.648 GMT-0000,3275.262,3270.697,0.0075,0.0075
23.03.2021 08:10:26.915 GMT-0000,3275.426,3269.7790000000005,0.02,0.02
23.03.2021 08:10:27.532 GMT-0000,3275.262,3264.451,0.02,0.02
23.03.2021 08:10:27.582 GMT-0000,3275.3440000000005,3265.697,0.02,0.02
23.03.2021 08:10:29.826 GMT-0000,3275.467,3263.6150000000002,0.02,0.02
23.03.2021 08:10:31.093 GMT-0000,3273.1800000000003,3264,0.0075,0.02
23.03.2021 08:10:34.940 GMT-0000,3273.3440000000005,3264.533,0.02,0.0075
23.03.2021 08:10:35.608 GMT-0000,3273.385,3265.451,0.02,0.02
23.03.2021 08:10:47.967 GMT-0000,3280,3267.7790000000005,0.02,0.02
23.03.2021 08:10:48.096 GMT-0000,3278.385,3267.6150000000002,0.0075,0.02
23.03.2021 08:10:48.827 GMT-0000,3277.3440000000005,3267.6150000000002,0.0075,0.02
23.03.2021 08:10:51.565 GMT-0000,3275.303,3267.82,0.02,0.02
23.03.2021 08:10:52.518 GMT-0000,3282.426,3271.451,0.02,0.02
23.03.2021 08:10:52.569 GMT-0000,3283.3440000000005,3271.533,0.02,0.02
23.03.2021 08:10:52.709 GMT-0000,3283.508,3275.7790000000005,0.02,0.02
23.03.2021 08:10:52.905 GMT-0000,3280.262,3275.5740000000005,0.02,0.02
23.03.2021 08:10:54.120 GMT-0000,3280.426,3276.7790000000005,0.02,0.02
23.03.2021 08:10:57.084 GMT-0000,3280.5490000000004,3275.533,0.02,0.02
23.03.2021 08:10:57.784 GMT-0000,3280.303,3276.492,0.02,0.0075
23.03.2021 08:10:59.142 GMT-0000,3280.426,3275.6150000000002,0.02,0.02
23.03.2021 08:11:01.606 GMT-0000,3280,3271.533,0.02,0.02
23.03.2021 08:11:01.656 GMT-0000,3279.303,3272.697,0.02,0.02
23.03.2021 08:11:02.419 GMT-0000,3278.3440000000005,3272.7790000000005,0.0075,0.02
23.03.2021 08:11:06.533 GMT-0000,3275.303,3272.82,0.0075,0.0075
23.03.2021 08:11:06.583 GMT-0000,3275.1800000000003,3271.6150000000002,0.02,0.02
23.03.2021 08:11:09.470 GMT-0000,3278.508,3271.6150000000002,0.02,0.02
23.03.2021 08:11:09.570 GMT-0000,3278.303,3272.5740000000005,0.02,0.02
23.03.2021 08:11:09.905 GMT-0000,3278.508,3273.492,0.02,0.0075
23.03.2021 08:11:21.842 GMT-0000,3278.3440000000005,3274.82,0.02,0.02
23.03.2021 08:11:21.975 GMT-0000,3280.5490000000004,3275.451,0.02,0.02
23.03.2021 08:11:23.089 GMT-0000,3279.221,3276,0.0075,0.0075
23.03.2021 08:11:23.139 GMT-0000,3279.385,3269.697,0.02,0.02
23.03.2021 08:11:23.916 GMT-0000,3279.221,3273.492,0.02,0.02
23.03.2021 08:11:24.932 GMT-0000,3279.5490000000004,3274.533,0.02,0.0075
23.03.2021 08:12:14.198 GMT-0000,3279.1800000000003,3275.533,0.0075,0.0075
23.03.2021 08:12:14.248 GMT-0000,3283,3275.82,0.02,0.02
23.03.2021 08:12:14.299 GMT-0000,3286.3440000000005,3275.738,0.02,0.02
23.03.2021 08:12:15.110 GMT-0000,3284.467,3275.533,0.0075,0.02
23.03.2021 08:12:19.593 GMT-0000,3283.303,3275.82,0.0075,0.02
23.03.2021 08:12:21.501 GMT-0000,3282.385,3275.7790000000005,0.0075,0.02
23.03.2021 08:12:25.967 GMT-0000,3281.467,3275.5740000000005,0.0075,0.02
23.03.2021 08:12:29.500 GMT-0000,3281.508,3274.738,0.02,0.02
23.03.2021 08:12:30.502 GMT-0000,3281.385,3271.82,0.02,0.02
23.03.2021 08:12:30.703 GMT-0000,3280.303,3271.451,0.02,0.02
23.03.2021 08:12:30.829 GMT-0000,3279.385,3271.533,0.02,0.02
23.03.2021 08:12:30.930 GMT-0000,3278.221,3272,0.02,0.02
23.03.2021 08:12:31.802 GMT-0000,3276.426,3271.5740000000005,0.0075,0.02
23.03.2021 08:12:32.949 GMT-0000,3276.1800000000003,3269.451,0.02,0.02
23.03.2021 08:12:33.413 GMT-0000,3276.262,3270.451,0.02,0.02
23.03.2021 08:12:35.491 GMT-0000,3278,3270.656,0.02,0.02
23.03.2021 08:12:41.558 GMT-0000,3279.303,3271,0.02,0.02
23.03.2021 08:12:41.609 GMT-0000,3277.5490000000004,3270.451,0.02,0.02
23.03.2021 08:12:46.175 GMT-0000,3279.467,3270.492,0.02,0.02
23.03.2021 08:12:54.094 GMT-0000,3278.262,3270.451,0.0075,0.02
23.03.2021 08:12:54.940 GMT-0000,3278.5490000000004,3272.492,0.02,0.0075
23.03.2021 08:13:02.910 GMT-0000,3278.467,3274,0.02,0.0075
23.03.2021 08:13:06.599 GMT-0000,3285.303,3278.5740000000005,0.02,0.02
23.03.2021 08:13:06.795 GMT-0000,3288.508,3278.697,0.02,0.02
23.03.2021 08:13:06.845 GMT-0000,3287.303,3278.533,0.02,0.02
23.03.2021 08:13:06.960 GMT-0000,3288.1800000000003,3278.6150000000002,0.02,0.02
23.03.2021 08:13:07.089 GMT-0000,3286.3440000000005,3278.533,0.0075,0.02
23.03.2021 08:13:07.905 GMT-0000,3286.303,3279.5740000000005,0.02,0.02
23.03.2021 08:13:10.072 GMT-0000,3285.426,3279.738,0.0075,0.02
23.03.2021 08:13:11.554 GMT-0000,3284.262,3279.656,0.02,0.02
23.03.2021 08:13:13.807 GMT-0000,3285.508,3279.5740000000005,0.02,0.02
23.03.2021 08:13:13.905 GMT-0000,3285.3440000000005,3282.82,0.02,0.02
23.03.2021 08:13:13.955 GMT-0000,3285.3440000000005,3280,0.02,0.02
23.03.2021 08:13:18.637 GMT-0000,3284.262,3279.6150000000002,0.02,0.02
23.03.2021 08:13:23.334 GMT-0000,3290.508,3279.451,0.02,0.02
23.03.2021 08:13:23.434 GMT-0000,3290.385,3280.533,0.02,0.02
23.03.2021 08:13:23.914 GMT-0000,3290.3440000000005,3281.6150000000002,0.02,0.02
23.03.2021 08:13:24.110 GMT-0000,3288,3281.451,0.0075,0.02
23.03.2021 08:13:26.823 GMT-0000,3287.467,3281.82,0.02,0.02
23.03.2021 08:13:36.549 GMT-0000,3286.467,3281.697,0.0075,0.02
23.03.2021 08:13:41.600 GMT-0000,3287.5490000000004,3282,0.02,0.02
23.03.2021 08:13:46.086 GMT-0000,3284.1800000000003,3281.75,0.0075,0.0075
23.03.2021 08:13:46.136 GMT-0000,3284.467,3273.656,0.02,0.02
23.03.2021 08:13:46.550 GMT-0000,3283.303,3273.697,0.02,0.02
23.03.2021 08:13:47.089 GMT-0000,3282.262,3273.697,0.02,0.02
23.03.2021 08:13:49.088 GMT-0000,3282.385,3277,0.02,0.02
23.03.2021 08:13:49.207 GMT-0000,3282.508,3277.492,0.02,0.0075
23.03.2021 08:13:49.258 GMT-0000,3282.3440000000005,3276.738,0.02,0.02
23.03.2021 08:14:08.004 GMT-0000,3282.426,3277.697,0.0075,0.0075
23.03.2021 08:14:08.055 GMT-0000,3284.5490000000004,3275.5740000000005,0.02,0.02
23.03.2021 08:14:08.931 GMT-0000,3284.262,3279.7790000000005,0.02,0.0075
23.03.2021 08:14:09.116 GMT-0000,3284.262,3282,0.0075,0.0075
23.03.2021 08:14:09.166 GMT-0000,3290.221,3282.533,0.02,0.02
23.03.2021 08:14:09.284 GMT-0000,3290.426,3283.7790000000005,0.02,0.0075
23.03.2021 08:14:09.953 GMT-0000,3289.1800000000003,3283.451,0.02,0.02
23.03.2021 08:14:10.076 GMT-0000,3288.1800000000003,3283.656,0.02,0.02
23.03.2021 08:14:12.185 GMT-0000,3288.5490000000004,3284.5740000000005,0.02,0.0075
23.03.2021 08:14:12.235 GMT-0000,3289.262,3284.451,0.02,0.02
23.03.2021 08:14:13.925 GMT-0000,3289.3440000000005,3285.656,0.02,0.0075
23.03.2021 08:14:42.665 GMT-0000,3290,3285.82,0.02,0.02
23.03.2021 08:14:42.715 GMT-0000,3290.303,3286.6150000000002,0.02,0.02
23.03.2021 08:14:42.765 GMT-0000,3293.5490000000004,3286.7790000000005,0.02,0.02
23.03.2021 08:14:42.816 GMT-0000,3293,3289.533,0.02,0.02
23.03.2021 08:14:44.361 GMT-0000,3292,3289.533,0.02,0.02
23.03.2021 08:14:49.820 GMT-0000,3292.262,3288.697,0.02,0.02
23.03.2021 08:14:58.348 GMT-0000,3292.3440000000005,3289.82,0.02,0.0075
23.03.2021 08:15:07.984 GMT-0000,3297.508,3290,0.02,0.02
23.03.2021 08:15:08.034 GMT-0000,3297.1800000000003,3291.738,0.02,0.02
23.03.2021 08:15:08.084 GMT-0000,3302.467,3291.451,0.02,0.02
23.03.2021 08:15:08.134 GMT-0000,3300.385,3293.7790000000005,0.02,0.02
23.03.2021 08:15:08.292 GMT-0000,3301.385,3295.82,0.02,0.02
23.03.2021 08:15:10.272 GMT-0000,3300.3440000000005,3297,0.0075,0.02
23.03.2021 08:15:10.322 GMT-0000,3300.508,3295.697,0.02,0.02
23.03.2021 08:15:10.779 GMT-0000,3299.3440000000005,3293.7790000000005,0.02,0.02
23.03.2021 08:15:11.680 GMT-0000,3298.426,3289.738,0.0075,0.02
23.03.2021 08:15:12.044 GMT-0000,3298.3440000000005,3288.5740000000005,0.02,0.02
23.03.2021 08:15:12.409 GMT-0000,3298.426,3294.656,0.02,0.02
23.03.2021 08:15:12.568 GMT-0000,3298.426,3288.738,0.02,0.02
23.03.2021 08:15:12.753 GMT-0000,3298.1800000000003,3287.492,0.02,0.02
23.03.2021 08:15:13.115 GMT-0000,3298.508,3292,0.02,0.02
23.03.2021 08:15:16.931 GMT-0000,3296.508,3291.5740000000005,0.0075,0.02
23.03.2021 08:15:17.226 GMT-0000,3296.1800000000003,3285.5740000000005,0.02,0.02
23.03.2021 08:15:19.276 GMT-0000,3295.303,3285.451,0.0075,0.02
23.03.2021 08:15:28.575 GMT-0000,3295.508,3288.656,0.02,0.0075
23.03.2021 08:15:28.910 GMT-0000,3295.1800000000003,3289.697,0.02,0.02
23.03.2021 08:15:29.016 GMT-0000,3295.1800000000003,3288.656,0.02,0.02
23.03.2021 08:15:29.076 GMT-0000,3295.426,3289.82,0.02,0.0075
23.03.2021 08:15:31.766 GMT-0000,3294.467,3289.656,0.0075,0.02
23.03.2021 08:15:31.926 GMT-0000,3295,3289.492,0.02,0.02
23.03.2021 08:15:32.098 GMT-0000,3294.3440000000005,3289.738,0.0075,0.02
23.03.2021 08:15:32.815 GMT-0000,3293,3289.492,0.02,0.02
23.03.2021 08:15:32.965 GMT-0000,3294.1800000000003,3289.656,0.02,0.02
23.03.2021 08:15:36.111 GMT-0000,3294.508,3290.492,0.0075,0.0075
23.03.2021 08:15:36.161 GMT-0000,3295.508,3290.738,0.02,0.02
23.03.2021 08:15:36.213 GMT-0000,3295.303,3292,0.02,0.02
23.03.2021 08:15:36.264 GMT-0000,3295.3440000000005,3289.697,0.02,0.02
23.03.2021 08:15:36.314 GMT-0000,3295.1800000000003,3290.656,0.02,0.02
23.03.2021 08:15:39.841 GMT-0000,3295.426,3291.451,0.02,0.0075
23.03.2021 08:15:39.892 GMT-0000,3296,3291.5740000000005,0.02,0.02
23.03.2021 08:15:39.956 GMT-0000,3296.5490000000004,3292.451,0.02,0.0075
23.03.2021 08:15:41.484 GMT-0000,3296.508,3293.6150000000002,0.0075,0.0075
23.03.2021 08:15:41.534 GMT-0000,3303,3293.738,0.02,0.02
23.03.2021 08:15:42.089 GMT-0000,3301,3293.492,0.0075,0.02
23.03.2021 08:15:42.697 GMT-0000,3301.508,3294.6150000000002,0.02,0.0075
23.03.2021 08:15:43.303 GMT-0000,3300.426,3295.738,0.0075,0.0075
23.03.2021 08:15:43.475 GMT-0000,3301,3295.656,0.02,0.02
23.03.2021 08:15:52.176 GMT-0000,3300.1800000000003,3295.656,0.0075,0.02
23.03.2021 08:15:53.101 GMT-0000,3299,3295.451,0.0075,0.02
23.03.2021 08:16:04.730 GMT-0000,3299.467,3294.697,0.02,0.02
23.03.2021 08:16:18.126 GMT-0000,3299.467,3293.492,0.02,0.02
23.03.2021 08:16:18.634 GMT-0000,3295.467,3288.6150000000002,0.02,0.02
23.03.2021 08:16:19.101 GMT-0000,3294.426,3288.6150000000002,0.0075,0.02
23.03.2021 08:16:24.288 GMT-0000,3293.5490000000004,3288.533,0.0075,0.02
23.03.2021 08:16:24.388 GMT-0000,3294.262,3288.697,0.02,0.02
23.03.2021 08:16:25.454 GMT-0000,3294.426,3289.533,0.02,0.02
23.03.2021 08:16:26.445 GMT-0000,3295.385,3289.5740000000005,0.02,0.02
23.03.2021 08:16:34.905 GMT-0000,3294.5490000000004,3290,0.0075,0.02
23.03.2021 08:16:35.005 GMT-0000,3295.385,3289.7790000000005,0.02,0.02
23.03.2021 08:16:40.511 GMT-0000,3295.467,3290.6150000000002,0.0075,0.0075
23.03.2021 08:16:40.561 GMT-0000,3297,3290.738,0.02,0.02
23.03.2021 08:16:40.666 GMT-0000,3298.262,3290.5740000000005,0.02,0.02
23.03.2021 08:16:41.092 GMT-0000,3297.467,3290.6150000000002,0.0075,0.02
23.03.2021 08:16:42.688 GMT-0000,3297.303,3292.533,0.02,0.0075
23.03.2021 08:16:42.966 GMT-0000,3297.262,3290.492,0.02,0.02
23.03.2021 08:16:43.577 GMT-0000,3297.3440000000005,3292.7790000000005,0.02,0.02
23.03.2021 08:16:45.958 GMT-0000,3296.467,3292.451,0.0075,0.0075
23.03.2021 08:16:46.008 GMT-0000,3296.262,3290.533,0.02,0.02
23.03.2021 08:16:46.072 GMT-0000,3297.5490000000004,3290.492,0.02,0.02
23.03.2021 08:16:46.122 GMT-0000,3296.303,3291,0.02,0.02
23.03.2021 08:16:54.391 GMT-0000,3296.3440000000005,3288.697,0.02,0.02
23.03.2021 08:16:55.217 GMT-0000,3296.385,3292.451,0.02,0.0075
23.03.2021 08:16:57.702 GMT-0000,3296,3293.6150000000002,0.02,0.0075
23.03.2021 08:17:02.491 GMT-0000,3296.426,3288.492,0.02,0.02
23.03.2021 08:17:03.105 GMT-0000,3295.3440000000005,3288.533,0.0075,0.02
23.03.2021 08:17:04.575 GMT-0000,3294.426,3288.5740000000005,0.0075,0.02
23.03.2021 08:17:14.131 GMT-0000,3295.3440000000005,3289,0.02,0.02
23.03.2021 08:17:15.872 GMT-0000,3294.1800000000003,3288.656,0.0075,0.02
23.03.2021 08:17:15.982 GMT-0000,3295.5490000000004,3288.82,0.02,0.02
23.03.2021 08:17:16.086 GMT-0000,3294.1800000000003,3288.5740000000005,0.0075,0.02
23.03.2021 08:17:16.823 GMT-0000,3294.262,3289.697,0.02,0.0075
23.03.2021 08:17:18.535 GMT-0000,3294.385,3290.5740000000005,0.02,0.0075
23.03.2021 08:17:18.655 GMT-0000,3294.385,3289.82,0.02,0.02
23.03.2021 08:17:19.453 GMT-0000,3295.1800000000003,3290.656,0.02,0.02
23.03.2021 08:17:19.880 GMT-0000,3295.1800000000003,3291.451,0.02,0.0075
23.03.2021 08:17:20.049 GMT-0000,3299.5490000000004,3291.5740000000005,0.02,0.02
23.03.2021 08:17:20.100 GMT-0000,3298.426,3291.82,0.02,0.02
23.03.2021 08:17:20.353 GMT-0000,3298,3292.82,0.02,0.02
23.03.2021 08:17:20.676 GMT-0000,3298.3440000000005,3293.738,0.02,0.0075
23.03.2021 08:17:20.777 GMT-0000,3299.3440000000005,3293.451,0.02,0.02
23.03.2021 08:17:20.827 GMT-0000,3299.467,3296.451,0.02,0.02
23.03.2021 08:17:21.150 GMT-0000,3301.3440000000005,3296.7790000000005,0.02,0.02
23.03.2021 08:17:21.265 GMT-0000,3303.221,3297.6150000000002,0.02,0.02
23.03.2021 08:17:22.889 GMT-0000,3303.221,3298.656,0.02,0.0075
23.03.2021 08:17:23.635 GMT-0000,3303.3440000000005,3299.451,0.02,0.02
23.03.2021 08:17:28.013 GMT-0000,3303.1800000000003,3293.451,0.02,0.02
23.03.2021 08:17:31.529 GMT-0000,3301.1800000000003,3293.82,0.0075,0.0075
23.03.2021 08:17:31.579 GMT-0000,3301.5490000000004,3292.6150000000002,0.02,0.02
23.03.2021 08:17:31.682 GMT-0000,3303.303,3292.6150000000002,0.02,0.02
23.03.2021 08:17:32.120 GMT-0000,3301.262,3292.5740000000005,0.0075,0.02
23.03.2021 08:17:33.808 GMT-0000,3301.303,3297.697,0.02,0.02
23.03.2021 08:17:42.767 GMT-0000,3301,3295.6150000000002,0.02,0.02
23.03.2021 08:17:42.927 GMT-0000,3301.385,3292.82,0.02,0.02
23.03.2021 08:17:43.089 GMT-0000,3299.221,3289.82,0.02,0.02
23.03.2021 08:17:51.401 GMT-0000,3299.303,3293.451,0.02,0.02
23.03.2021 08:18:13.533 GMT-0000,3296.221,3293.7790000000005,0.0075,0.0075
23.03.2021 08:18:13.584 GMT-0000,3296.467,3288.533,0.02,0.02
23.03.2021 08:18:14.101 GMT-0000,3295.221,3288.82,0.0075,0.02
23.03.2021 08:18:16.076 GMT-0000,3295.5490000000004,3289.5740000000005,0.02,0.0075
23.03.2021 08:18:31.952 GMT-0000,3293.467,3289.5740000000005,0.0075,0.0075
23.03.2021 08:18:32.002 GMT-0000,3293,3283.492,0.02,0.02
23.03.2021 08:18:32.280 GMT-0000,3292.426,3283.5740000000005,0.0075,0.02
23.03.2021 08:18:32.493 GMT-0000,3292.262,3285.451,0.02,0.02
23.03.2021 08:18:32.594 GMT-0000,3292.467,3286.697,0.02,0.02
23.03.2021 08:18:44.096 GMT-0000,3293.385,3287.451,0.02,0.02
23.03.2021 08:18:48.724 GMT-0000,3295.426,3287.82,0.02,0.02
23.03.2021 08:18:48.774 GMT-0000,3295.221,3289.82,0.02,0.02
23.03.2021 08:18:49.122 GMT-0000,3295.3440000000005,3290.5740000000005,0.02,0.0075
23.03.2021 08:18:54.137 GMT-0000,3295.508,3289.492,0.02,0.02
23.03.2021 08:18:54.187 GMT-0000,3295,3291.6150000000002,0.02,0.02
23.03.2021 08:19:16.738 GMT-0000,3297.467,3292.533,0.02,0.02
23.03.2021 08:19:21.759 GMT-0000,3297.5490000000004,3293.7790000000005,0.02,0.02
23.03.2021 08:19:27.012 GMT-0000,3296,3287.656,0.02,0.02
23.03.2021 08:19:27.088 GMT-0000,3295.1800000000003,3287.82,0.0075,0.02
23.03.2021 08:19:28.461 GMT-0000,3295.303,3290.533,0.02,0.0075
23.03.2021 08:19:28.612 GMT-0000,3295.385,3285.7790000000005,0.02,0.02
23.03.2021 08:19:30.985 GMT-0000,3294.221,3287.451,0.0075,0.0075
23.03.2021 08:19:31.086 GMT-0000,3294.385,3284.451,0.02,0.02
23.03.2021 08:19:40.276 GMT-0000,3292.303,3285.82,0.0075,0.0075
23.03.2021 08:19:40.437 GMT-0000,3292.221,3283,0.02,0.02
23.03.2021 08:19:49.570 GMT-0000,3291.262,3282.6150000000002,0.0075,0.02
23.03.2021 08:19:52.093 GMT-0000,3290.221,3282.82,0.0075,0.0075
23.03.2021 08:19:52.143 GMT-0000,3290.1800000000003,3281.7790000000005,0.02,0.02
23.03.2021 08:19:55.845 GMT-0000,3288.5490000000004,3282,0.02,0.02
23.03.2021 08:20:04.139 GMT-0000,3285.303,3281.5740000000005,0.0075,0.0075
23.03.2021 08:20:04.189 GMT-0000,3283.467,3275.492,0.02,0.02
23.03.2021 08:20:04.239 GMT-0000,3283.3440000000005,3277.82,0.02,0.02
23.03.2021 08:20:04.369 GMT-0000,3286.1800000000003,3277.6150000000002,0.02,0.02
23.03.2021 08:20:05.100 GMT-0000,3283.221,3277.6150000000002,0.0075,0.02
23.03.2021 08:20:05.628 GMT-0000,3283.508,3278.697,0.0075,0.0075
23.03.2021 08:20:05.678 GMT-0000,3287.467,3277.533,0.02,0.02
23.03.2021 08:20:06.713 GMT-0000,3284.385,3277.533,0.0075,0.02
23.03.2021 08:20:06.959 GMT-0000,3284.5490000000004,3276.738,0.02,0.02
23.03.2021 08:20:10.089 GMT-0000,3283.426,3276.533,0.0075,0.02
23.03.2021 08:20:21.276 GMT-0000,3282.385,3277.7790000000005,0.0075,0.0075
23.03.2021 08:20:21.327 GMT-0000,3283.221,3275.697,0.02,0.02
23.03.2021 08:20:21.412 GMT-0000,3281.426,3274.5740000000005,0.02,0.02
23.03.2021 08:20:21.696 GMT-0000,3280.5490000000004,3274.492,0.0075,0.02
23.03.2021 08:20:26.672 GMT-0000,3283.467,3275,0.02,0.02
23.03.2021 08:20:26.772 GMT-0000,3283.303,3275.6150000000002,0.02,0.02
23.03.2021 08:20:26.922 GMT-0000,3280.303,3274.6150000000002,0.02,0.02
23.03.2021 08:20:29.930 GMT-0000,3279.5490000000004,3274.492,0.0075,0.02
23.03.2021 08:20:33.815 GMT-0000,3279.3440000000005,3273.451,0.02,0.02
23.03.2021 08:20:34.116 GMT-0000,3277.5490000000004,3273.82,0.0075,0.02
23.03.2021 08:20:34.942 GMT-0000,3277.1800000000003,3270.451,0.02,0.02
23.03.2021 08:20:35.889 GMT-0000,3277.385,3274,0.02,0.0075
23.03.2021 08:21:02.588 GMT-0000,3277.385,3270.5740000000005,0.02,0.02
23.03.2021 08:21:02.738 GMT-0000,3277.262,3269.656,0.02,0.02
23.03.2021 08:21:03.088 GMT-0000,3275.385,3269.6150000000002,0.02,0.02
23.03.2021 08:21:04.154 GMT-0000,3275.5490000000004,3270.5740000000005,0.0075,0.0075
23.03.2021 08:21:04.204 GMT-0000,3277.508,3270.492,0.02,0.02
23.03.2021 08:21:06.723 GMT-0000,3277.3440000000005,3271.6150000000002,0.02,0.0075
23.03.2021 08:21:13.189 GMT-0000,3277.303,3273.738,0.0075,0.0075
23.03.2021 08:21:13.239 GMT-0000,3279.426,3273.82,0.02,0.02
23.03.2021 08:21:13.962 GMT-0000,3280.303,3274.6150000000002,0.02,0.02
23.03.2021 08:21:14.250 GMT-0000,3280,3276,0.02,0.0075
23.03.2021 08:21:14.465 GMT-0000,3283,3275.533,0.02,0.02
23.03.2021 08:21:18.088 GMT-0000,3282.508,3275.5740000000005,0.0075,0.02
23.03.2021 08:21:18.192 GMT-0000,3281.508,3275.6150000000002,0.0075,0.02
23.03.2021 08:21:28.926 GMT-0000,3281.3440000000005,3276.533,0.02,0.02
23.03.2021 08:21:29.032 GMT-0000,3281.221,3275.82,0.02,0.02
23.03.2021 08:21:29.497 GMT-0000,3281.221,3277.738,0.02,0.02
23.03.2021 08:21:39.501 GMT-0000,3282.3440000000005,3277.738,0.02,0.02
23.03.2021 08:21:40.938 GMT-0000,3282.303,3279.451,0.02,0.0075
23.03.2021 08:21:40.988 GMT-0000,3283.262,3280,0.02,0.02
23.03.2021 08:21:48.296 GMT-0000,3283.3440000000005,3280.5740000000005,0.0075,0.0075
23.03.2021 08:21:48.346 GMT-0000,3288.1800000000003,3280.533,0.02,0.02
23.03.2021 08:21:49.374 GMT-0000,3285.508,3280.697,0.0075,0.0075
23.03.2021 08:21:49.424 GMT-0000,3288,3279.697,0.02,0.02
23.03.2021 08:21:50.133 GMT-0000,3286.5490000000004,3279.6150000000002,0.0075,0.02
23.03.2021 08:21:50.343 GMT-0000,3286.426,3281.451,0.02,0.02
23.03.2021 08:21:53.468 GMT-0000,3286,3282.697,0.02,0.0075
23.03.2021 08:21:53.621 GMT-0000,3288.3440000000005,3281.7790000000005,0.02,0.02
23.03.2021 08:21:53.671 GMT-0000,3288.467,3283.7790000000005,0.02,0.02
23.03.2021 08:21:53.722 GMT-0000,3288.508,3282.82,0.02,0.02
23.03.2021 08:21:55.161 GMT-0000,3288.467,3281.533,0.02,0.02
23.03.2021 08:21:55.491 GMT-0000,3287.221,3282.656,0.02,0.02
23.03.2021 08:21:55.662 GMT-0000,3287.426,3281.492,0.02,0.02
23.03.2021 08:21:58.100 GMT-0000,3287.385,3284,0.02,0.0075
23.03.2021 08:22:05.045 GMT-0000,3287.508,3284.7790000000005,0.02,0.02
23.03.2021 08:22:08.378 GMT-0000,3287.303,3286.5740000000005,0.0075,0.0075
23.03.2021 08:22:08.429 GMT-0000,3288.508,3286.82,0.02,0.02
23.03.2021 08:22:08.892 GMT-0000,3288.385,3285.82,0.02,0.02
23.03.2021 08:22:12.324 GMT-0000,3290.3440000000005,3285.7790000000005,0.02,0.02
23.03.2021 08:22:15.134 GMT-0000,3290.508,3287,0.02,0.02
23.03.2021 08:22:18.089 GMT-0000,3289.221,3286.6150000000002,0.02,0.02
23.03.2021 08:22:23.391 GMT-0000,3289,3285,0.02,0.02
23.03.2021 08:22:23.442 GMT-0000,3289.1800000000003,3282.738,0.02,0.02
23.03.2021 08:22:23.512 GMT-0000,3289.508,3283.533,0.02,0.0075
23.03.2021 08:22:23.995 GMT-0000,3289.5490000000004,3282.82,0.02,0.02
23.03.2021 08:22:24.476 GMT-0000,3289.303,3283.533,0.02,0.0075
23.03.2021 08:22:25.123 GMT-0000,3289.426,3285.6150000000002,0.02,0.02
23.03.2021 08:22:25.438 GMT-0000,3289.3440000000005,3282.533,0.02,0.02
23.03.2021 08:22:25.979 GMT-0000,3288.385,3282.656,0.0075,0.02
23.03.2021 08:22:28.922 GMT-0000,3288.508,3280.5740000000005,0.02,0.02
23.03.2021 08:22:29.557 GMT-0000,3287.5490000000004,3280.5740000000005,0.0075,0.02
23.03.2021 08:22:29.819 GMT-0000,3288.385,3281.697,0.02,0.02
23.03.2021 08:22:30.940 GMT-0000,3288.3440000000005,3282.738,0.02,0.02
23.03.2021 08:22:31.130 GMT-0000,3289.303,3282.451,0.02,0.02
23.03.2021 08:23:02.773 GMT-0000,3287.5490000000004,3282.697,0.0075,0.02
23.03.2021 08:23:02.824 GMT-0000,3287.426,3280.656,0.02,0.02
23.03.2021 08:23:04.890 GMT-0000,3287.426,3279.738,0.02,0.02
23.03.2021 08:23:05.876 GMT-0000,3286.262,3279.5740000000005,0.02,0.02
23.03.2021 08:23:07.243 GMT-0000,3287.508,3279.5740000000005,0.02,0.02
23.03.2021 08:23:09.954 GMT-0000,3287.385,3282.738,0.02,0.0075
23.03.2021 08:23:14.500 GMT-0000,3287.467,3279.492,0.02,0.02
23.03.2021 08:23:14.745 GMT-0000,3287.3440000000005,3282.6150000000002,0.02,0.0075
23.03.2021 08:23:16.613 GMT-0000,3287,3283.492,0.02,0.0075
23.03.2021 08:23:18.868 GMT-0000,3285.385,3279.5740000000005,0.02,0.02
23.03.2021 08:23:18.980 GMT-0000,3286.5490000000004,3279.82,0.02,0.02
23.03.2021 08:23:26.101 GMT-0000,3285.508,3279.738,0.0075,0.02
23.03.2021 08:23:36.682 GMT-0000,3284.303,3279.533,0.0075,0.0075
23.03.2021 08:23:36.733 GMT-0000,3284.262,3278.7790000000005,0.02,0.02
23.03.2021 08:23:38.728 GMT-0000,3284.303,3280.697,0.02,0.0075
23.03.2021 08:23:38.926 GMT-0000,3284,3279.738,0.02,0.02
23.03.2021 08:23:40.014 GMT-0000,3284.303,3278.7790000000005,0.02,0.02
23.03.2021 08:23:41.869 GMT-0000,3284.385,3280.492,0.02,0.0075
23.03.2021 08:23:41.969 GMT-0000,3284.262,3278.6150000000002,0.02,0.02
23.03.2021 08:23:45.221 GMT-0000,3284.426,3277.6150000000002,0.02,0.02
23.03.2021 08:23:47.615 GMT-0000,3284.303,3278.533,0.02,0.02
23.03.2021 08:23:48.401 GMT-0000,3284,3279.492,0.0075,0.0075
23.03.2021 08:23:48.451 GMT-0000,3285.1800000000003,3278.5740000000005,0.02,0.02
23.03.2021 08:24:02.898 GMT-0000,3286.1800000000003,3278.6150000000002,0.02,0.02
23.03.2021 08:24:02.948 GMT-0000,3286.508,3280.82,0.02,0.02
23.03.2021 08:24:05.983 GMT-0000,3286.303,3279.656,0.02,0.02
23.03.2021 08:24:06.080 GMT-0000,3285.385,3279.451,0.0075,0.02
23.03.2021 08:24:06.181 GMT-0000,3285.303,3281.7790000000005,0.02,0.02
23.03.2021 08:24:06.231 GMT-0000,3285.1800000000003,3280.6150000000002,0.02,0.02
23.03.2021 08:24:06.348 GMT-0000,3285.262,3279.738,0.02,0.02
23.03.2021 08:24:07.989 GMT-0000,3285.262,3278.7790000000005,0.02,0.02
23.03.2021 08:24:09.186 GMT-0000,3284.3440000000005,3278.533,0.0075,0.02
23.03.2021 08:24:09.237 GMT-0000,3284.467,3277.656,0.02,0.02
23.03.2021 08:24:09.736 GMT-0000,3284.5490000000004,3280.738,0.02,0.0075
23.03.2021 08:24:10.800 GMT-0000,3284.221,3277.6150000000002,0.02,0.02
23.03.2021 08:24:10.851 GMT-0000,3282.426,3278.656,0.02,0.02
23.03.2021 08:24:10.960 GMT-0000,3283.5490000000004,3276.7790000000005,0.02,0.02
23.03.2021 08:24:11.714 GMT-0000,3284.221,3276.697,0.02,0.02
23.03.2021 08:24:12.210 GMT-0000,3283.467,3276.5740000000005,0.0075,0.02
23.03.2021 08:24:26.884 GMT-0000,3283.3440000000005,3277.738,0.02,0.0075
23.03.2021 08:24:27.085 GMT-0000,3283.221,3278.451,0.02,0.02
23.03.2021 08:24:27.236 GMT-0000,3283.303,3277.656,0.02,0.02
23.03.2021 08:24:29.080 GMT-0000,3282.5490000000004,3278,0.0075,0.02
23.03.2021 08:24:29.489 GMT-0000,3282.508,3276.697,0.02,0.02
23.03.2021 08:24:30.092 GMT-0000,3282.262,3277.451,0.02,0.0075
23.03.2021 08:24:32.088 GMT-0000,3282.5490000000004,3279.6150000000002,0.0075,0.02
23.03.2021 08:24:32.139 GMT-0000,3283.5490000000004,3279.6150000000002,0.02,0.02
23.03.2021 08:24:56.547 GMT-0000,3283.221,3277.738,0.02,0.02
23.03.2021 08:24:57.225 GMT-0000,3283.426,3278.82,0.02,0.0075
23.03.2021 08:25:00.012 GMT-0000,3283.508,3277.7790000000005,0.02,0.02
23.03.2021 08:25:02.043 GMT-0000,3283.3440000000005,3278.82,0.02,0.02
23.03.2021 08:25:02.352 GMT-0000,3283.221,3277.5740000000005,0.02,0.02
23.03.2021 08:25:02.772 GMT-0000,3283.262,3278.656,0.02,0.0075
23.03.2021 08:25:06.001 GMT-0000,3283,3278,0.02,0.02
23.03.2021 08:25:07.701 GMT-0000,3282.1800000000003,3277.451,0.0075,0.0075
23.03.2021 08:25:07.751 GMT-0000,3282.508,3276.7790000000005,0.02,0.02
23.03.2021 08:25:07.856 GMT-0000,3283.303,3276.82,0.02,0.02
23.03.2021 08:25:08.114 GMT-0000,3282,3276.533,0.0075,0.02
23.03.2021 08:25:11.531 GMT-0000,3282.221,3277.533,0.02,0.02
23.03.2021 08:25:11.764 GMT-0000,3282.426,3277,0.02,0.02
23.03.2021 08:25:12.118 GMT-0000,3282.1800000000003,3275.492,0.02,0.02
23.03.2021 08:25:12.288 GMT-0000,3282.385,3276.451,0.02,0.0075
23.03.2021 08:25:18.320 GMT-0000,3282.467,3277.7790000000005,0.02,0.02
23.03.2021 08:25:18.472 GMT-0000,3282.3440000000005,3278.492,0.02,0.0075
23.03.2021 08:25:18.522 GMT-0000,3282,3277.533,0.02,0.02
23.03.2021 08:25:19.716 GMT-0000,3282.508,3276.533,0.02,0.02
23.03.2021 08:25:35.318 GMT-0000,3282.467,3278.697,0.02,0.0075
23.03.2021 08:25:39.357 GMT-0000,3282.385,3277.451,0.02,0.02
23.03.2021 08:25:39.930 GMT-0000,3282.467,3276.533,0.02,0.02
23.03.2021 08:25:45.315 GMT-0000,3282,3277.533,0.02,0.0075
23.03.2021 08:25:45.562 GMT-0000,3282.426,3276.492,0.02,0.02
23.03.2021 08:26:11.869 GMT-0000,3281.221,3276.5740000000005,0.0075,0.02
23.03.2021 08:26:11.920 GMT-0000,3281,3275.656,0.02,0.02
23.03.2021 08:26:12.045 GMT-0000,3282.426,3275.451,0.02,0.02
23.03.2021 08:26:12.101 GMT-0000,3281.303,3275.738,0.0075,0.02
23.03.2021 08:26:24.584 GMT-0000,3280.467,3275.738,0.0075,0.02
23.03.2021 08:26:32.885 GMT-0000,3280.1800000000003,3278.738,0.0075,0.0075
23.03.2021 08:26:32.936 GMT-0000,3281.426,3279,0.02,0.02
23.03.2021 08:26:34.337 GMT-0000,3282.262,3278.492,0.02,0.02
23.03.2021 08:26:36.096 GMT-0000,3282.3440000000005,3279.656,0.02,0.0075
23.03.2021 08:26:43.169 GMT-0000,3282.303,3278.5740000000005,0.02,0.02
23.03.2021 08:27:03.301 GMT-0000,3283.508,3278.6150000000002,0.02,0.02
23.03.2021 08:27:06.684 GMT-0000,3283.508,3280.697,0.02,0.02
23.03.2021 08:27:19.140 GMT-0000,3283.262,3278.6150000000002,0.02,0.02
23.03.2021 08:27:19.517 GMT-0000,3283.1800000000003,3279.7790000000005,0.02,0.02
23.03.2021 08:27:19.651 GMT-0000,3283.303,3278.697,0.02,0.02
23.03.2021 08:27:20.415 GMT-0000,3283.262,3279.451,0.02,0.0075
23.03.2021 08:27:20.515 GMT-0000,3283.221,3278.492,0.02,0.02
23.03.2021 08:27:32.596 GMT-0000,3283.385,3279.533,0.0075,0.0075
23.03.2021 08:27:32.646 GMT-0000,3284,3280,0.02,0.02
23.03.2021 08:27:33.488 GMT-0000,3283.5490000000004,3279.533,0.0075,0.02
23.03.2021 08:27:33.589 GMT-0000,3284.262,3279.492,0.02,0.02
23.03.2021 08:27:36.584 GMT-0000,3284.1800000000003,3281,0.02,0.0075
23.03.2021 08:27:36.854 GMT-0000,3284.5490000000004,3279.656,0.02,0.02
23.03.2021 08:27:45.068 GMT-0000,3284.467,3280.492,0.02,0.0075
23.03.2021 08:27:45.560 GMT-0000,3285.221,3280.656,0.02,0.02
23.03.2021 08:27:47.331 GMT-0000,3285.221,3279.82,0.02,0.02
23.03.2021 08:27:47.514 GMT-0000,3285.5490000000004,3280.656,0.02,0.0075
23.03.2021 08:27:47.730 GMT-0000,3285.385,3279.492,0.02,0.02
23.03.2021 08:27:47.861 GMT-0000,3285.3440000000005,3280.6150000000002,0.02,0.0075
23.03.2021 08:27:48.085 GMT-0000,3285.508,3279.7790000000005,0.02,0.02
23.03.2021 08:27:55.615 GMT-0000,3285.303,3281.697,0.02,0.0075
23.03.2021 08:27:59.619 GMT-0000,3286,3281.6150000000002,0.02,0.02
23.03.2021 08:28:23.961 GMT-0000,3285.508,3281.492,0.0075,0.02
23.03.2021 08:28:24.012 GMT-0000,3282.1800000000003,3276.82,0.02,0.02
23.03.2021 08:28:24.112 GMT-0000,3281.262,3275.656,0.02,0.02
23.03.2021 08:28:24.777 GMT-0000,3281.467,3277,0.02,0.0075
23.03.2021 08:28:27.762 GMT-0000,3281.508,3275.82,0.02,0.02
23.03.2021 08:28:31.832 GMT-0000,3281.467,3274.533,0.02,0.02
23.03.2021 08:28:32.000 GMT-0000,3280.1800000000003,3273.492,0.02,0.02
23.03.2021 08:28:32.223 GMT-0000,3279.5490000000004,3273.738,0.02,0.02
23.03.2021 08:28:34.018 GMT-0000,3278.385,3273.697,0.0075,0.0075
23.03.2021 08:28:34.068 GMT-0000,3278.262,3272.533,0.02,0.02
23.03.2021 08:28:34.740 GMT-0000,3276.1800000000003,3271.7790000000005,0.02,0.02
23.03.2021 08:28:34.968 GMT-0000,3278.221,3271.533,0.02,0.02
23.03.2021 08:28:37.035 GMT-0000,3276,3271.82,0.0075,0.02
23.03.2021 08:28:37.135 GMT-0000,3277.221,3271.6150000000002,0.02,0.02
23.03.2021 08:28:37.754 GMT-0000,3278,3271.738,0.02,0.02
23.03.2021 08:28:39.100 GMT-0000,3276.221,3271.656,0.0075,0.02
23.03.2021 08:28:41.300 GMT-0000,3276.508,3272.82,0.02,0.0075
23.03.2021 08:28:44.599 GMT-0000,3276.5490000000004,3271.738,0.02,0.02
23.03.2021 08:28:46.488 GMT-0000,3276.303,3272.82,0.02,0.0075
23.03.2021 08:28:56.917 GMT-0000,3276.262,3274.533,0.0075,0.0075
23.03.2021 08:28:56.967 GMT-0000,3278.426,3274.656,0.02,0.02
23.03.2021 08:28:57.325 GMT-0000,3278.385,3273.697,0.02,0.02
23.03.2021 08:28:59.280 GMT-0000,3278.303,3274.697,0.02,0.0075
23.03.2021 08:29:07.023 GMT-0000,3278.303,3276.656,0.0075,0.0075
23.03.2021 08:29:07.073 GMT-0000,3281,3276.533,0.02,0.02
23.03.2021 08:29:11.066 GMT-0000,3281.385,3277.6150000000002,0.02,0.0075
23.03.2021 08:29:11.775 GMT-0000,3283.221,3277.656,0.02,0.02
23.03.2021 08:29:18.892 GMT-0000,3282.3440000000005,3276.697,0.02,0.02
23.03.2021 08:29:18.942 GMT-0000,3282.426,3275.6150000000002,0.02,0.02
23.03.2021 08:29:27.926 GMT-0000,3282,3277.6150000000002,0.02,0.0075
23.03.2021 08:29:28.313 GMT-0000,3282.262,3275.5740000000005,0.02,0.02
23.03.2021 08:29:32.089 GMT-0000,3281.467,3275.6150000000002,0.0075,0.02
23.03.2021 08:29:38.049 GMT-0000,3281,3277.82,0.02,0.02
23.03.2021 08:29:41.413 GMT-0000,3281.3440000000005,3278.5740000000005,0.02,0.0075
23.03.2021 08:29:45.537 GMT-0000,3283.1800000000003,3279.533,0.02,0.02
23.03.2021 08:29:51.364 GMT-0000,3284.385,3279.533,0.02,0.02
23.03.2021 08:29:53.041 GMT-0000,3284.1800000000003,3281.656,0.02,0.02
23.03.2021 08:29:54.219 GMT-0000,3285.467,3281.492,0.02,0.02
23.03.2021 08:29:54.872 GMT-0000,3285.385,3283.697,0.0075,0.0075
23.03.2021 08:29:54.922 GMT-0000,3289.508,3284,0.02,0.02
23.03.2021 08:29:55.105 GMT-0000,3287.262,3283.6150000000002,0.0075,0.0075
23.03.2021 08:29:55.155 GMT-0000,3287.467,3281.451,0.02,0.02
23.03.2021 08:29:55.276 GMT-0000,3287.221,3282.5740000000005,0.02,0.0075
23.03.2021 08:29:55.726 GMT-0000,3286.3440000000005,3282.7790000000005,0.0075,0.02
23.03.2021 08:29:55.938 GMT-0000,3287.262,3282.82,0.02,0.02
23.03.2021 08:29:56.733 GMT-0000,3287.426,3279.738,0.02,0.02
23.03.2021 08:29:56.888 GMT-0000,3287.385,3280.738,0.02,0.02
23.03.2021 08:30:00.465 GMT-0000,3287,3279.7790000000005,0.02,0.02
23.03.2021 08:30:06.698 GMT-0000,3283.262,3279.697,0.0075,0.02
23.03.2021 08:30:06.748 GMT-0000,3286.467,3279.5740000000005,0.02,0.02
23.03.2021 08:30:06.798 GMT-0000,3285,3280,0.02,0.02
23.03.2021 08:30:07.289 GMT-0000,3285.3440000000005,3277.451,0.02,0.02
23.03.2021 08:30:08.321 GMT-0000,3285.262,3278.82,0.02,0.02
23.03.2021 08:30:08.488 GMT-0000,3285.221,3280.492,0.02,0.0075
23.03.2021 08:30:08.538 GMT-0000,3285.426,3278.82,0.02,0.02
23.03.2021 08:30:08.875 GMT-0000,3285.385,3280.697,0.02,0.0075
23.03.2021 08:30:12.664 GMT-0000,3285.3440000000005,3278.656,0.02,0.02
23.03.2021 08:30:21.182 GMT-0000,3285,3279.82,0.02,0.02
23.03.2021 08:30:21.428 GMT-0000,3285.5490000000004,3280.82,0.02,0.0075
23.03.2021 08:30:22.535 GMT-0000,3286,3281.492,0.02,0.02
23.03.2021 08:30:22.585 GMT-0000,3288.221,3281.7790000000005,0.02,0.02
23.03.2021 08:30:23.088 GMT-0000,3287.1800000000003,3281.697,0.0075,0.02
23.03.2021 08:30:25.587 GMT-0000,3287.221,3283,0.02,0.0075
23.03.2021 08:30:26.564 GMT-0000,3288.221,3285.533,0.0075,0.0075
23.03.2021 08:30:26.614 GMT-0000,3289.221,3284.82,0.02,0.02
23.03.2021 08:30:26.680 GMT-0000,3289.385,3285.697,0.02,0.0075
23.03.2021 08:30:48.811 GMT-0000,3289,3284.492,0.02,0.02
23.03.2021 08:30:54.822 GMT-0000,3289.508,3285.7790000000005,0.0075,0.0075
23.03.2021 08:30:54.873 GMT-0000,3290.467,3285.451,0.02,0.02
23.03.2021 08:30:55.288 GMT-0000,3290.221,3286.6150000000002,0.02,0.0075
23.03.2021 08:30:57.645 GMT-0000,3291.5490000000004,3286.492,0.02,0.02
23.03.2021 08:31:20.532 GMT-0000,3291.303,3288.451,0.0075,0.0075
23.03.2021 08:31:20.582 GMT-0000,3292.508,3288.6150000000002,0.02,0.02
23.03.2021 08:31:38.994 GMT-0000,3292.303,3289.5740000000005,0.02,0.0075
23.03.2021 08:31:43.480 GMT-0000,3292.262,3290.697,0.02,0.0075
23.03.2021 08:31:45.833 GMT-0000,3292.5490000000004,3289.492,0.02,0.02
23.03.2021 08:31:45.884 GMT-0000,3291.221,3289.697,0.02,0.02
23.03.2021 08:31:45.934 GMT-0000,3291.467,3289,0.02,0.02
23.03.2021 08:31:46.288 GMT-0000,3291.385,3286,0.02,0.02
23.03.2021 08:32:00.166 GMT-0000,3290.426,3285.533,0.0075,0.0075
23.03.2021 08:32:00.217 GMT-0000,3290,3283.6150000000002,0.02,0.02
23.03.2021 08:32:00.286 GMT-0000,3289,3283.738,0.0075,0.02
23.03.2021 08:32:03.694 GMT-0000,3288.303,3283.492,0.0075,0.02
23.03.2021 08:32:16.771 GMT-0000,3287,3283.492,0.02,0.02
23.03.2021 08:32:18.940 GMT-0000,3287.5490000000004,3284.5740000000005,0.02,0.0075
23.03.2021 08:32:38.582 GMT-0000,3287,3285.451,0.0075,0.0075
23.03.2021 08:32:38.633 GMT-0000,3289.5490000000004,3284.82,0.02,0.02
23.03.2021 08:32:39.880 GMT-0000,3289.385,3285.451,0.02,0.0075
23.03.2021 08:33:07.175 GMT-0000,3288,3285.533,0.0075,0.02
23.03.2021 08:33:07.472 GMT-0000,3289.467,3285.533,0.02,0.02
23.03.2021 08:33:07.559 GMT-0000,3288.5490000000004,3285.82,0.0075,0.02
23.03.2021 08:33:51.147 GMT-0000,3288.508,3286.6150000000002,0.0075,0.0075
23.03.2021 08:33:51.198 GMT-0000,3289.262,3286.6150000000002,0.02,0.02
23.03.2021 08:34:06.406 GMT-0000,3288.467,3285,0.02,0.02
23.03.2021 08:34:06.508 GMT-0000,3286.262,3280.451,0.02,0.0075
23.03.2021 08:34:06.558 GMT-0000,3286.385,3281.82,0.02,0.02
23.03.2021 08:34:06.659 GMT-0000,3285.303,3280,0.02,0.02
23.03.2021 08:34:06.796 GMT-0000,3282.508,3279.6150000000002,0.0075,0.0075
23.03.2021 08:34:06.846 GMT-0000,3282.385,3278,0.02,0.02
23.03.2021 08:34:07.298 GMT-0000,3282,3278.738,0.02,0.02
23.03.2021 08:34:19.284 GMT-0000,3281.3440000000005,3279,0.02,0.02
23.03.2021 08:34:19.334 GMT-0000,3282.221,3278.6150000000002,0.02,0.02
23.03.2021 08:34:19.480 GMT-0000,3282.221,3279.533,0.02,0.0075
23.03.2021 08:34:22.193 GMT-0000,3283,3281,0.02,0.02
23.03.2021 08:34:36.262 GMT-0000,3284.262,3280.5740000000005,0.02,0.02
23.03.2021 08:34:36.312 GMT-0000,3284,3281.656,0.02,0.02
23.03.2021 08:34:36.427 GMT-0000,3284.5490000000004,3282.738,0.02,0.02
23.03.2021 08:34:39.736 GMT-0000,3285.385,3282.82,0.02,0.02
23.03.2021 08:34:39.786 GMT-0000,3285,3283.697,0.02,0.02
23.03.2021 08:34:52.939 GMT-0000,3285.303,3284.7790000000005,0.0075,0.0075
23.03.2021 08:34:52.993 GMT-0000,3286.3440000000005,3284.6150000000002,0.02,0.02
23.03.2021 08:34:54.122 GMT-0000,3287.467,3285.738,0.02,0.02
23.03.2021 08:34:54.223 GMT-0000,3289.385,3285.451,0.02,0.02
23.03.2021 08:34:57.908 GMT-0000,3288.5490000000004,3285.6150000000002,0.0075,0.0075
23.03.2021 08:34:58.043 GMT-0000,3287.508,3284.451,0.02,0.02
23.03.2021 08:34:58.094 GMT-0000,3286.5490000000004,3282.5740000000005,0.02,0.02
23.03.2021 08:35:00.693 GMT-0000,3285.385,3282.656,0.02,0.02
23.03.2021 08:35:00.962 GMT-0000,3286.467,3282.492,0.02,0.02
23.03.2021 08:35:01.064 GMT-0000,3289.3440000000005,3283.656,0.02,0.02
23.03.2021 08:35:01.114 GMT-0000,3289.5490000000004,3284.451,0.02,0.02
23.03.2021 08:35:01.336 GMT-0000,3289.303,3285.533,0.02,0.0075
23.03.2021 08:35:02.800 GMT-0000,3289.262,3286.656,0.0075,0.0075
23.03.2021 08:35:02.850 GMT-0000,3291.3440000000005,3286.6150000000002,0.02,0.02
23.03.2021 08:35:03.137 GMT-0000,3291.467,3287.5740000000005,0.02,0.02
23.03.2021 08:35:04.132 GMT-0000,3294,3288.738,0.02,0.02
23.03.2021 08:35:04.182 GMT-0000,3295.467,3290.451,0.02,0.02
23.03.2021 08:35:04.280 GMT-0000,3295.221,3288.656,0.02,0.02
23.03.2021 08:35:04.413 GMT-0000,3295.467,3290.6150000000002,0.02,0.02
23.03.2021 08:35:05.088 GMT-0000,3294.221,3291,0.0075,0.02
23.03.2021 08:35:05.527 GMT-0000,3294,3291.5740000000005,0.02,0.02
23.03.2021 08:35:10.183 GMT-0000,3293.221,3288,0.02,0.02
23.03.2021 08:35:11.122 GMT-0000,3293.1800000000003,3289.5740000000005,0.02,0.02
23.03.2021 08:35:32.566 GMT-0000,3293.262,3290.7790000000005,0.02,0.0075
23.03.2021 08:35:42.803 GMT-0000,3292,3288,0.02,0.02
23.03.2021 08:35:43.090 GMT-0000,3292,3286.738,0.02,0.02
23.03.2021 08:35:43.509 GMT-0000,3292.5490000000004,3288.697,0.02,0.0075
23.03.2021 08:35:44.618 GMT-0000,3293.3440000000005,3289.697,0.02,0.02
23.03.2021 08:35:44.765 GMT-0000,3293.221,3288.533,0.02,0.02
23.03.2021 08:35:48.317 GMT-0000,3293.3440000000005,3289.7790000000005,0.02,0.0075
23.03.2021 08:35:48.724 GMT-0000,3293.508,3288.451,0.02,0.02
23.03.2021 08:35:49.422 GMT-0000,3293.221,3289.6150000000002,0.02,0.0075
23.03.2021 08:35:51.425 GMT-0000,3293.1800000000003,3288.5740000000005,0.02,0.02
23.03.2021 08:35:52.656 GMT-0000,3292.426,3288.492,0.0075,0.02
23.03.2021 08:35:52.756 GMT-0000,3293.303,3288.5740000000005,0.02,0.02
23.03.2021 08:35:53.076 GMT-0000,3293.221,3289.451,0.02,0.0075
23.03.2021 08:35:54.013 GMT-0000,3292.221,3289.656,0.02,0.02
23.03.2021 08:36:04.977 GMT-0000,3294.426,3292,0.02,0.02
23.03.2021 08:36:06.280 GMT-0000,3296.1800000000003,3292,0.02,0.02
23.03.2021 08:36:06.330 GMT-0000,3296.5490000000004,3292.656,0.02,0.02
23.03.2021 08:36:09.834 GMT-0000,3294.467,3292.656,0.0075,0.02
23.03.2021 08:36:11.172 GMT-0000,3296.303,3293.6150000000002,0.02,0.02
23.03.2021 08:36:21.089 GMT-0000,3295.426,3293.7790000000005,0.02,0.02
23.03.2021 08:36:31.493 GMT-0000,3298,3293.5740000000005,0.02,0.02
23.03.2021 08:36:31.543 GMT-0000,3298.3440000000005,3295.6150000000002,0.02,0.02
23.03.2021 08:36:53.069 GMT-0000,3296.5490000000004,3290.7790000000005,0.02,0.02
23.03.2021 08:36:53.119 GMT-0000,3294.3440000000005,3290.451,0.02,0.02
23.03.2021 08:36:54.024 GMT-0000,3294.385,3291.492,0.02,0.02
23.03.2021 08:36:54.146 GMT-0000,3296.508,3291.82,0.02,0.02
23.03.2021 08:36:54.922 GMT-0000,3296.508,3293,0.02,0.0075
23.03.2021 08:36:55.233 GMT-0000,3296.385,3291.6150000000002,0.02,0.02
23.03.2021 08:36:55.831 GMT-0000,3295.1800000000003,3291.7790000000005,0.0075,0.02
23.03.2021 08:36:56.027 GMT-0000,3295.303,3290.451,0.02,0.02
23.03.2021 08:36:56.284 GMT-0000,3294.467,3290.492,0.0075,0.02
23.03.2021 08:36:56.385 GMT-0000,3296.467,3291.7790000000005,0.02,0.02
23.03.2021 08:36:56.550 GMT-0000,3295.426,3291.7790000000005,0.0075,0.0075
23.03.2021 08:36:56.600 GMT-0000,3295.3440000000005,3290.451,0.02,0.02
23.03.2021 08:37:00.705 GMT-0000,3295.508,3291.656,0.02,0.02
23.03.2021 08:37:01.104 GMT-0000,3295.3440000000005,3292.738,0.0075,0.0075
23.03.2021 08:37:01.154 GMT-0000,3296.221,3292.6150000000002,0.02,0.02
23.03.2021 08:37:02.192 GMT-0000,3296.508,3294,0.02,0.0075
23.03.2021 08:37:05.082 GMT-0000,3300.221,3294.656,0.02,0.02
23.03.2021 08:37:05.132 GMT-0000,3299,3295.451,0.02,0.02
23.03.2021 08:37:05.262 GMT-0000,3298.426,3293.5740000000005,0.02,0.02
23.03.2021 08:37:05.472 GMT-0000,3299.385,3294.656,0.0075,0.0075
23.03.2021 08:37:05.522 GMT-0000,3300.5490000000004,3294.656,0.02,0.02
23.03.2021 08:37:05.576 GMT-0000,3300.426,3295.6150000000002,0.02,0.02
23.03.2021 08:37:05.684 GMT-0000,3300.385,3296.492,0.02,0.0075
23.03.2021 08:37:05.785 GMT-0000,3299.508,3295.656,0.02,0.02
23.03.2021 08:37:05.840 GMT-0000,3300.5490000000004,3295.6150000000002,0.02,0.02
23.03.2021 08:37:06.000 GMT-0000,3300,3296.697,0.02,0.02
23.03.2021 08:37:37.242 GMT-0000,3300.467,3297.82,0.02,0.0075
23.03.2021 08:38:07.179 GMT-0000,3299.3440000000005,3297.82,0.0075,0.0075
23.03.2021 08:38:07.234 GMT-0000,3299.3440000000005,3297,0.02,0.02
23.03.2021 08:38:07.352 GMT-0000,3300.385,3296.656,0.02,0.02
23.03.2021 08:38:08.101 GMT-0000,3299.426,3296.697,0.02,0.02
23.03.2021 08:38:14.540 GMT-0000,3299.303,3298,0.0075,0.0075
23.03.2021 08:38:14.590 GMT-0000,3301.303,3297.6150000000002,0.02,0.02
23.03.2021 08:38:14.946 GMT-0000,3300.1800000000003,3296.6150000000002,0.02,0.02
23.03.2021 08:38:24.420 GMT-0000,3304.5490000000004,3299.697,0.02,0.02
23.03.2021 08:38:24.476 GMT-0000,3303.385,3299.451,0.0075,0.02
23.03.2021 08:38:24.526 GMT-0000,3304.508,3299.697,0.02,0.02
23.03.2021 08:38:24.576 GMT-0000,3302.385,3297.6150000000002,0.02,0.02
23.03.2021 08:38:24.627 GMT-0000,3302.385,3296.656,0.02,0.02
23.03.2021 08:38:24.677 GMT-0000,3302.262,3297.451,0.02,0.02
23.03.2021 08:38:25.396 GMT-0000,3301.467,3297.82,0.0075,0.0075
23.03.2021 08:38:25.446 GMT-0000,3301.5490000000004,3296.6150000000002,0.02,0.02
23.03.2021 08:38:25.568 GMT-0000,3301.3440000000005,3297.82,0.0075,0.0075
23.03.2021 08:38:25.618 GMT-0000,3302.5490000000004,3297.6150000000002,0.02,0.02
23.03.2021 08:38:25.836 GMT-0000,3302.303,3299,0.02,0.02
23.03.2021 08:38:25.937 GMT-0000,3303.426,3300.697,0.02,0.02
23.03.2021 08:38:27.311 GMT-0000,3302,3300.6150000000002,0.02,0.02
23.03.2021 08:38:27.361 GMT-0000,3302.262,3298.656,0.02,0.02
23.03.2021 08:38:27.412 GMT-0000,3302.1800000000003,3299.738,0.02,0.02
23.03.2021 08:38:34.956 GMT-0000,3301.508,3299.6150000000002,0.0075,0.02
23.03.2021 08:38:35.992 GMT-0000,3300.467,3299.25,0.0075,0.0075
23.03.2021 08:38:36.042 GMT-0000,3300.3440000000005,3295.738,0.02,0.02
23.03.2021 08:38:36.284 GMT-0000,3300.5490000000004,3296.656,0.02,0.0075
23.03.2021 08:38:55.342 GMT-0000,3299.303,3296.738,0.0075,0.0075
23.03.2021 08:38:55.392 GMT-0000,3300.221,3294.6150000000002,0.02,0.02
23.03.2021 08:38:55.528 GMT-0000,3298.262,3294.533,0.0075,0.0075
23.03.2021 08:38:55.579 GMT-0000,3298.508,3293.82,0.02,0.02
23.03.2021 08:38:55.662 GMT-0000,3298.385,3294.738,0.02,0.0075
23.03.2021 08:38:55.712 GMT-0000,3298.385,3294,0.02,0.02
23.03.2021 08:38:55.771 GMT-0000,3298.1800000000003,3294.697,0.02,0.0075
23.03.2021 08:38:55.821 GMT-0000,3298.1800000000003,3293.6150000000002,0.02,0.02
23.03.2021 08:38:55.995 GMT-0000,3297.1800000000003,3293.7790000000005,0.02,0.02
23.03.2021 08:38:56.150 GMT-0000,3297,3294.533,0.02,0.02
23.03.2021 08:38:56.649 GMT-0000,3296.5490000000004,3294.7790000000005,0.02,0.02
23.03.2021 08:38:56.762 GMT-0000,3297.262,3294.7790000000005,0.02,0.02
23.03.2021 08:39:06.677 GMT-0000,3297.3440000000005,3295.656,0.0075,0.0075
23.03.2021 08:39:06.727 GMT-0000,3298.221,3295.6150000000002,0.02,0.02
23.03.2021 08:39:06.778 GMT-0000,3298.426,3294.533,0.02,0.02
23.03.2021 08:39:09.880 GMT-0000,3297.1800000000003,3294.738,0.0075,0.02
23.03.2021 08:39:22.872 GMT-0000,3297.508,3295.492,0.02,0.0075
23.03.2021 08:39:24.962 GMT-0000,3298.3440000000005,3295.82,0.02,0.02
23.03.2021 08:39:26.158 GMT-0000,3298.508,3296.656,0.02,0.0075
23.03.2021 08:39:28.151 GMT-0000,3299.3440000000005,3296.82,0.02,0.02
23.03.2021 08:39:28.201 GMT-0000,3300.467,3298,0.02,0.02
23.03.2021 08:39:28.568 GMT-0000,3301.262,3298.533,0.02,0.02
23.03.2021 08:39:28.744 GMT-0000,3301.221,3299.5740000000005,0.0075,0.0075
23.03.2021 08:39:28.795 GMT-0000,3302.1800000000003,3300,0.02,0.02
23.03.2021 08:39:28.845 GMT-0000,3302,3300.7790000000005,0.02,0.02
23.03.2021 08:39:28.980 GMT-0000,3301.385,3300.738,0.0075,0.0075
23.03.2021 08:39:29.030 GMT-0000,3302.385,3298.738,0.02,0.02
23.03.2021 08:39:29.080 GMT-0000,3301.1800000000003,3297.451,0.02,0.02
23.03.2021 08:39:33.694 GMT-0000,3300.5490000000004,3297.82,0.0075,0.0075
23.03.2021 08:39:33.745 GMT-0000,3301.426,3295.492,0.02,0.02
23.03.2021 08:39:33.795 GMT-0000,3301.467,3297.492,0.02,0.02
23.03.2021 08:39:35.472 GMT-0000,3300.3440000000005,3297.5740000000005,0.0075,0.02
23.03.2021 08:39:49.942 GMT-0000,3300.262,3298.533,0.0075,0.0075
23.03.2021 08:39:49.992 GMT-0000,3301.221,3298.656,0.02,0.02
23.03.2021 08:40:07.930 GMT-0000,3301.426,3299.656,0.02,0.02
23.03.2021 08:40:08.196 GMT-0000,3302.221,3299.6150000000002,0.02,0.02
23.03.2021 08:40:09.116 GMT-0000,3302.5490000000004,3299,0.02,0.02
23.03.2021 08:40:19.592 GMT-0000,3302.5490000000004,3299.492,0.02,0.0075
23.03.2021 08:40:20.580 GMT-0000,3303.508,3300.451,0.02,0.02
23.03.2021 08:40:20.738 GMT-0000,3303.426,3299.697,0.02,0.02
23.03.2021 08:40:20.888 GMT-0000,3303.262,3302,0.0075,0.0075
23.03.2021 08:40:20.938 GMT-0000,3306.3440000000005,3301.7790000000005,0.02,0.02
23.03.2021 08:40:21.134 GMT-0000,3305.385,3301.738,0.02,0.02
23.03.2021 08:40:21.826 GMT-0000,3302.467,3298.533,0.02,0.02
23.03.2021 08:40:22.301 GMT-0000,3302.3440000000005,3300,0.0075,0.02
23.03.2021 08:40:30.322 GMT-0000,3303.508,3300.492,0.02,0.02
23.03.2021 08:40:30.422 GMT-0000,3305.5490000000004,3301.533,0.02,0.02
23.03.2021 08:40:34.484 GMT-0000,3303.508,3301.738,0.0075,0.02
23.03.2021 08:40:39.154 GMT-0000,3303.262,3300.656,0.02,0.02
23.03.2021 08:40:39.439 GMT-0000,3303.262,3301.451,0.02,0.02
23.03.2021 08:40:49.272 GMT-0000,3305.3440000000005,3302.5740000000005,0.02,0.02
23.03.2021 08:40:49.328 GMT-0000,3305.426,3303.7790000000005,0.0075,0.0075
23.03.2021 08:40:49.379 GMT-0000,3306.467,3303.451,0.02,0.02
23.03.2021 08:41:04.581 GMT-0000,3307.303,3304.5740000000005,0.02,0.02
23.03.2021 08:41:05.734 GMT-0000,3307.221,3301.738,0.02,0.02
23.03.2021 08:41:05.784 GMT-0000,3307.426,3303.7790000000005,0.02,0.02
23.03.2021 08:41:12.336 GMT-0000,3306.262,3303.492,0.02,0.02
23.03.2021 08:41:28.401 GMT-0000,3312.385,3304.7790000000005,0.02,0.02
23.03.2021 08:41:28.451 GMT-0000,3312.508,3306.697,0.02,0.02
23.03.2021 08:41:28.634 GMT-0000,3309.385,3304.6150000000002,0.02,0.02
23.03.2021 08:41:28.908 GMT-0000,3309.5490000000004,3305.7790000000005,0.0075,0.0075
23.03.2021 08:41:28.959 GMT-0000,3310.262,3304.738,0.02,0.02
23.03.2021 08:41:29.009 GMT-0000,3309.303,3303.82,0.02,0.02
23.03.2021 08:41:29.059 GMT-0000,3310.1800000000003,3301.5740000000005,0.02,0.02
23.03.2021 08:41:29.110 GMT-0000,3308.426,3301.7790000000005,0.02,0.02
23.03.2021 08:41:29.407 GMT-0000,3308.385,3304.451,0.02,0.02
23.03.2021 08:41:47.699 GMT-0000,3308.508,3305.5740000000005,0.02,0.0075
23.03.2021 08:41:47.749 GMT-0000,3308.5490000000004,3305,0.02,0.02
23.03.2021 08:41:56.586 GMT-0000,3308,3305.533,0.02,0.0075
23.03.2021 08:42:03.990 GMT-0000,3308.508,3306.697,0.02,0.0075
23.03.2021 08:42:04.158 GMT-0000,3309.5490000000004,3307,0.02,0.02
23.03.2021 08:42:05.255 GMT-0000,3310.3440000000005,3306.656,0.02,0.02
23.03.2021 08:42:05.305 GMT-0000,3310.1800000000003,3307.656,0.02,0.02
23.03.2021 08:42:05.773 GMT-0000,3310.508,3308.5740000000005,0.02,0.0075
23.03.2021 08:42:06.446 GMT-0000,3310.508,3308,0.02,0.02
23.03.2021 08:42:07.496 GMT-0000,3310,3308.697,0.02,0.0075
23.03.2021 08:42:11.740 GMT-0000,3311.5490000000004,3309,0.02,0.02
23.03.2021 08:42:11.791 GMT-0000,3311.385,3309.738,0.02,0.02
23.03.2021 08:42:21.584 GMT-0000,3310.426,3309.5,0.0075,0.0075
23.03.2021 08:42:21.634 GMT-0000,3311.3440000000005,3306.6150000000002,0.02,0.02
23.03.2021 08:42:21.709 GMT-0000,3310.221,3307,0.0075,0.0075
23.03.2021 08:42:21.759 GMT-0000,3311,3305.82,0.02,0.02
23.03.2021 08:42:22.014 GMT-0000,3310.221,3305.6150000000002,0.02,0.02
23.03.2021 08:42:22.064 GMT-0000,3310.303,3304.492,0.02,0.02
23.03.2021 08:42:22.376 GMT-0000,3311.5490000000004,3304.533,0.02,0.02
23.03.2021 08:42:22.729 GMT-0000,3311,3307,0.02,0.0075
23.03.2021 08:42:22.956 GMT-0000,3310.467,3306.697,0.0075,0.02
23.03.2021 08:42:47.323 GMT-0000,3309.262,3306.533,0.0075,0.02
23.03.2021 08:42:47.373 GMT-0000,3310.3440000000005,3306.492,0.02,0.02
23.03.2021 08:42:47.423 GMT-0000,3310.426,3307.6150000000002,0.02,0.02
23.03.2021 08:42:59.076 GMT-0000,3310.262,3308.6150000000002,0.02,0.0075
23.03.2021 08:43:02.275 GMT-0000,3309.1800000000003,3308.25,0.0075,0.0075
23.03.2021 08:43:02.329 GMT-0000,3309.467,3304.82,0.02,0.02
23.03.2021 08:43:02.701 GMT-0000,3309.426,3303.492,0.02,0.02
23.03.2021 08:43:03.092 GMT-0000,3308.5490000000004,3303.697,0.0075,0.02
23.03.2021 08:43:04.140 GMT-0000,3307,3303.738,0.0075,0.02
23.03.2021 08:43:19.139 GMT-0000,3307.303,3304.7790000000005,0.02,0.0075
23.03.2021 08:43:19.310 GMT-0000,3307.221,3303.697,0.02,0.02
23.03.2021 08:43:20.322 GMT-0000,3307.221,3304.492,0.02,0.0075
23.03.2021 08:43:34.409 GMT-0000,3308.385,3304.656,0.02,0.02
23.03.2021 08:43:34.485 GMT-0000,3308.508,3305.697,0.0075,0.0075
23.03.2021 08:43:34.535 GMT-0000,3310.467,3305.492,0.02,0.02
23.03.2021 08:43:35.107 GMT-0000,3310.303,3304.697,0.02,0.02
23.03.2021 08:43:35.158 GMT-0000,3308.3440000000005,3304.7790000000005,0.02,0.02
23.03.2021 08:43:35.613 GMT-0000,3308.303,3305.656,0.02,0.0075
23.03.2021 08:43:41.392 GMT-0000,3309.262,3306.697,0.02,0.02
23.03.2021 08:43:42.066 GMT-0000,3309.1800000000003,3307.656,0.0075,0.02
23.03.2021 08:43:42.117 GMT-0000,3310.303,3307.656,0.02,0.02
23.03.2021 08:43:52.699 GMT-0000,3309.303,3307.5740000000005,0.0075,0.0075
23.03.2021 08:43:52.749 GMT-0000,3308.262,3301.533,0.02,0.02
23.03.2021 08:43:52.800 GMT-0000,3310.221,3305.738,0.02,0.02
23.03.2021 08:43:52.904 GMT-0000,3310,3306.492,0.02,0.0075
23.03.2021 08:44:06.396 GMT-0000,3310.385,3307.533,0.0075,0.0075
23.03.2021 08:44:06.447 GMT-0000,3311.303,3307.451,0.02,0.02
23.03.2021 08:44:06.751 GMT-0000,3311.3440000000005,3309.82,0.02,0.0075
23.03.2021 08:44:22.351 GMT-0000,3312.467,3309.533,0.02,0.02
23.03.2021 08:44:47.128 GMT-0000,3315.467,3312.451,0.02,0.02
23.03.2021 08:44:48.237 GMT-0000,3315.3440000000005,3311.82,0.02,0.02
23.03.2021 08:44:48.326 GMT-0000,3314.3440000000005,3311.5740000000005,0.0075,0.02
23.03.2021 08:44:48.873 GMT-0000,3315,3311.6150000000002,0.02,0.02
23.03.2021 08:44:49.370 GMT-0000,3315.262,3312.82,0.02,0.02
23.03.2021 08:45:02.167 GMT-0000,3315.303,3313.656,0.02,0.02
23.03.2021 08:45:02.218 GMT-0000,3317.5490000000004,3313.738,0.02,0.02
23.03.2021 08:45:20.113 GMT-0000,3315.385,3313.738,0.0075,0.0075
23.03.2021 08:45:20.163 GMT-0000,3316.3440000000005,3312.533,0.02,0.02
23.03.2021 08:45:21.366 GMT-0000,3315.467,3312.5740000000005,0.0075,0.02
23.03.2021 08:45:21.527 GMT-0000,3316.5490000000004,3313,0.02,0.02
23.03.2021 08:45:26.478 GMT-0000,3315.221,3313,0.02,0.02
23.03.2021 08:45:39.352 GMT-0000,3315.385,3313.5740000000005,0.0075,0.0075
23.03.2021 08:45:39.402 GMT-0000,3317.262,3314,0.02,0.02
23.03.2021 08:45:59.012 GMT-0000,3317,3315,0.02,0.0075
23.03.2021 08:45:59.063 GMT-0000,3322.1800000000003,3316.7790000000005,0.02,0.02
23.03.2021 08:45:59.113 GMT-0000,3323.5490000000004,3318.738,0.02,0.02
23.03.2021 08:45:59.222 GMT-0000,3322.467,3318.697,0.02,0.02
23.03.2021 08:45:59.829 GMT-0000,3321.385,3318.533,0.02,0.02
23.03.2021 08:46:00.034 GMT-0000,3322,3318.82,0.02,0.02
23.03.2021 08:46:00.322 GMT-0000,3323.5490000000004,3318.738,0.02,0.02
23.03.2021 08:46:01.922 GMT-0000,3322.3440000000005,3318.656,0.0075,0.02
23.03.2021 08:46:02.172 GMT-0000,3323.303,3318.6150000000002,0.02,0.02
23.03.2021 08:46:06.344 GMT-0000,3323.5490000000004,3319.7790000000005,0.02,0.0075
23.03.2021 08:46:06.538 GMT-0000,3325.3440000000005,3318.697,0.02,0.02
23.03.2021 08:46:09.093 GMT-0000,3325.508,3319.6150000000002,0.02,0.02
23.03.2021 08:46:09.245 GMT-0000,3325.467,3318.697,0.02,0.02
23.03.2021 08:46:09.565 GMT-0000,3323.508,3318.656,0.02,0.02
23.03.2021 08:46:10.405 GMT-0000,3323.467,3319.656,0.02,0.0075
23.03.2021 08:46:10.506 GMT-0000,3322.262,3318.7790000000005,0.02,0.02
23.03.2021 08:46:10.556 GMT-0000,3323.508,3318.738,0.02,0.02
23.03.2021 08:46:10.607 GMT-0000,3323.467,3319.492,0.02,0.02
23.03.2021 08:46:13.974 GMT-0000,3322.262,3319.6150000000002,0.0075,0.02
23.03.2021 08:46:14.105 GMT-0000,3323.3440000000005,3320,0.02,0.02
23.03.2021 08:46:20.605 GMT-0000,3324.508,3319.738,0.02,0.02
23.03.2021 08:46:22.822 GMT-0000,3323.3440000000005,3319.5740000000005,0.02,0.02
23.03.2021 08:46:22.942 GMT-0000,3325.303,3319.533,0.02,0.02
23.03.2021 08:46:33.640 GMT-0000,3323.5490000000004,3319.738,0.02,0.02
23.03.2021 08:46:42.339 GMT-0000,3322.467,3319.656,0.0075,0.02
23.03.2021 08:46:42.389 GMT-0000,3325,3318.451,0.02,0.02
23.03.2021 08:46:42.439 GMT-0000,3327.467,3322.6150000000002,0.02,0.02
23.03.2021 08:46:42.540 GMT-0000,3328.1800000000003,3322.7790000000005,0.02,0.02
23.03.2021 08:46:42.845 GMT-0000,3327.5490000000004,3322.6150000000002,0.0075,0.0075
23.03.2021 08:46:42.895 GMT-0000,3327.221,3321.7790000000005,0.02,0.02
23.03.2021 08:46:42.945 GMT-0000,3325.262,3321.5740000000005,0.02,0.02
23.03.2021 08:46:43.130 GMT-0000,3325.262,3319.697,0.02,0.02
23.03.2021 08:46:43.181 GMT-0000,3324.262,3319.5740000000005,0.02,0.02
23.03.2021 08:46:43.292 GMT-0000,3323.385,3319.6150000000002,0.02,0.02
23.03.2021 08:46:43.498 GMT-0000,3322.508,3318.533,0.02,0.02
23.03.2021 08:46:44.904 GMT-0000,3322.5490000000004,3319.738,0.0075,0.0075
23.03.2021 08:46:44.954 GMT-0000,3323,3319.492,0.02,0.02
23.03.2021 08:46:47.342 GMT-0000,3322.385,3319.492,0.02,0.02
23.03.2021 08:47:00.597 GMT-0000,3322.3440000000005,3320.5740000000005,0.0075,0.0075
23.03.2021 08:47:00.647 GMT-0000,3326.221,3320.451,0.02,0.02
23.03.2021 08:47:00.697 GMT-0000,3326.5490000000004,3321.5740000000005,0.02,0.02
23.03.2021 08:47:01.516 GMT-0000,3326.385,3322.6150000000002,0.0075,0.0075
23.03.2021 08:47:01.567 GMT-0000,3328.262,3322.533,0.02,0.02
23.03.2021 08:47:05.022 GMT-0000,3325.385,3322.6150000000002,0.02,0.02
23.03.2021 08:47:07.526 GMT-0000,3327.262,3322.492,0.02,0.02
23.03.2021 08:47:09.148 GMT-0000,3325.1800000000003,3323,0.0075,0.02
23.03.2021 08:47:09.199 GMT-0000,3327.3440000000005,3322.6150000000002,0.02,0.02
23.03.2021 08:47:12.335 GMT-0000,3325.426,3322.6150000000002,0.02,0.02
23.03.2021 08:47:12.485 GMT-0000,3326.508,3322.533,0.02,0.02
23.03.2021 08:47:12.946 GMT-0000,3325.467,3322.656,0.02,0.02
23.03.2021 08:47:13.033 GMT-0000,3327,3322.7790000000005,0.02,0.02
23.03.2021 08:47:15.481 GMT-0000,3328.1800000000003,3322.6150000000002,0.02,0.02
23.03.2021 08:47:15.581 GMT-0000,3327,3322.5740000000005,0.02,0.02
23.03.2021 08:47:20.748 GMT-0000,3326.221,3322.82,0.02,0.02
23.03.2021 08:47:40.968 GMT-0000,3325.508,3322.533,0.02,0.02
23.03.2021 08:47:41.019 GMT-0000,3326.426,3322.533,0.02,0.02
23.03.2021 08:47:44.392 GMT-0000,3325.262,3322.5740000000005,0.0075,0.02
23.03.2021 08:47:44.442 GMT-0000,3326.1800000000003,3322.533,0.02,0.02
23.03.2021 08:48:06.518 GMT-0000,3331.1800000000003,3327,0.02,0.02
23.03.2021 08:48:06.701 GMT-0000,3330.303,3326.738,0.02,0.02
23.03.2021 08:48:06.812 GMT-0000,3330.221,3327.492,0.02,0.02
23.03.2021 08:48:06.862 GMT-0000,3333.3440000000005,3328,0.02,0.02
23.03.2021 08:48:06.912 GMT-0000,3333.262,3329,0.02,0.02
23.03.2021 08:48:07.651 GMT-0000,3332.467,3328.451,0.0075,0.02
23.03.2021 08:48:19.464 GMT-0000,3331.5490000000004,3328.738,0.0075,0.0075
23.03.2021 08:48:19.514 GMT-0000,3331.5490000000004,3326.656,0.02,0.02
23.03.2021 08:48:19.884 GMT-0000,3331,3327.5740000000005,0.02,0.02
23.03.2021 08:48:19.985 GMT-0000,3331.467,3326.492,0.02,0.02
23.03.2021 08:48:22.157 GMT-0000,3331.508,3327.738,0.02,0.0075
23.03.2021 08:48:22.350 GMT-0000,3331,3326.5740000000005,0.02,0.02
23.03.2021 08:48:23.290 GMT-0000,3331.1800000000003,3327.492,0.02,0.02
23.03.2021 08:48:29.503 GMT-0000,3331.262,3328.7790000000005,0.02,0.0075
23.03.2021 08:48:37.605 GMT-0000,3335.467,3328.533,0.02,0.02
23.03.2021 08:48:39.966 GMT-0000,3335,3330,0.0075,0.0075
23.03.2021 08:48:40.016 GMT-0000,3336.426,3329.656,0.02,0.02
23.03.2021 08:48:40.110 GMT-0000,3336,3333,0.02,0.02
23.03.2021 08:48:40.322 GMT-0000,3340.1800000000003,3332.738,0.02,0.02
23.03.2021 08:48:40.373 GMT-0000,3340.1800000000003,3333.5740000000005,0.02,0.02
23.03.2021 08:48:40.533 GMT-0000,3342.5490000000004,3333.697,0.02,0.02
23.03.2021 08:48:42.332 GMT-0000,3338.508,3335,0.0075,0.0075
23.03.2021 08:48:42.382 GMT-0000,3342.385,3334.738,0.02,0.02
23.03.2021 08:48:42.962 GMT-0000,3338.303,3334.7790000000005,0.02,0.02
23.03.2021 08:48:53.924 GMT-0000,3337.508,3334.492,0.0075,0.0075
23.03.2021 08:48:53.974 GMT-0000,3337.5490000000004,3333.492,0.02,0.02
23.03.2021 08:48:54.075 GMT-0000,3336.1800000000003,3331.82,0.02,0.02
23.03.2021 08:48:55.138 GMT-0000,3336.303,3332.656,0.02,0.0075
23.03.2021 08:48:56.272 GMT-0000,3335.1800000000003,3332.492,0.02,0.02
23.03.2021 08:48:57.375 GMT-0000,3336,3332.451,0.02,0.02
23.03.2021 08:48:57.478 GMT-0000,3337.385,3332.5740000000005,0.02,0.02
23.03.2021 08:48:58.415 GMT-0000,3337.303,3334,0.02,0.0075
23.03.2021 08:48:58.628 GMT-0000,3341,3333.5740000000005,0.02,0.02
23.03.2021 08:49:00.297 GMT-0000,3340.467,3334,0.0075,0.02
23.03.2021 08:49:00.596 GMT-0000,3339.262,3333.738,0.02,0.02
23.03.2021 08:49:05.876 GMT-0000,3339.303,3335,0.0075,0.0075
23.03.2021 08:49:05.926 GMT-0000,3340.426,3334.5740000000005,0.02,0.02
23.03.2021 08:49:06.131 GMT-0000,3340.508,3333.492,0.02,0.02
23.03.2021 08:49:14.196 GMT-0000,3340.303,3334.533,0.02,0.0075
23.03.2021 08:49:14.297 GMT-0000,3340,3333.533,0.02,0.02
23.03.2021 08:49:15.361 GMT-0000,3341.467,3334.6150000000002,0.02,0.02
23.03.2021 08:49:18.112 GMT-0000,3337.5490000000004,3334.533,0.02,0.02
23.03.2021 08:49:18.230 GMT-0000,3341.385,3334.82,0.02,0.02
23.03.2021 08:49:22.958 GMT-0000,3341.303,3335.697,0.02,0.0075
23.03.2021 08:49:29.022 GMT-0000,3339.221,3336.7790000000005,0.0075,0.0075
23.03.2021 08:49:29.073 GMT-0000,3339.426,3335,0.02,0.02
23.03.2021 08:49:30.275 GMT-0000,3341.385,3335.738,0.02,0.0075
23.03.2021 08:49:30.376 GMT-0000,3341.385,3334.82,0.02,0.02
23.03.2021 08:49:32.341 GMT-0000,3341.508,3335.533,0.02,0.0075
23.03.2021 08:49:37.825 GMT-0000,3341.3440000000005,3338.697,0.02,0.02
23.03.2021 08:49:38.314 GMT-0000,3346.3440000000005,3339,0.02,0.02
23.03.2021 08:49:40.556 GMT-0000,3345.262,3338.697,0.0075,0.02
23.03.2021 08:49:50.697 GMT-0000,3344.3440000000005,3338.492,0.0075,0.0075
23.03.2021 08:49:50.798 GMT-0000,3343.5490000000004,3337.533,0.02,0.02
23.03.2021 08:49:51.553 GMT-0000,3344.1800000000003,3338.82,0.02,0.02
23.03.2021 08:49:51.666 GMT-0000,3341.1800000000003,3337.5740000000005,0.02,0.02
23.03.2021 08:49:52.813 GMT-0000,3340.426,3337.533,0.02,0.02
23.03.2021 08:49:52.956 GMT-0000,3341.3440000000005,3337.697,0.02,0.02
23.03.2021 08:49:54.612 GMT-0000,3341.467,3338.656,0.02,0.0075
23.03.2021 08:49:54.753 GMT-0000,3341.5490000000004,3337.656,0.02,0.02
23.03.2021 08:49:55.767 GMT-0000,3341.1800000000003,3338.738,0.02,0.0075
23.03.2021 08:50:03.410 GMT-0000,3343.1800000000003,3338.738,0.02,0.02
23.03.2021 08:50:25.884 GMT-0000,3343.5490000000004,3339.533,0.02,0.02
23.03.2021 08:50:25.934 GMT-0000,3345.221,3339.82,0.02,0.02
23.03.2021 08:50:25.998 GMT-0000,3344.5490000000004,3339.5740000000005,0.0075,0.02
23.03.2021 08:50:26.531 GMT-0000,3344.3440000000005,3340.533,0.02,0.02
23.03.2021 08:50:26.697 GMT-0000,3344.221,3339.656,0.02,0.02
23.03.2021 08:50:27.072 GMT-0000,3344.3440000000005,3340.82,0.0075,0.0075
23.03.2021 08:50:27.122 GMT-0000,3345.3440000000005,3340.738,0.02,0.02
23.03.2021 08:50:36.799 GMT-0000,3345.508,3341.451,0.0075,0.0075
23.03.2021 08:50:36.850 GMT-0000,3346.508,3341.697,0.02,0.02
23.03.2021 08:50:38.640 GMT-0000,3346.5490000000004,3342.5740000000005,0.02,0.0075
23.03.2021 08:50:43.292 GMT-0000,3347.385,3342.738,0.02,0.02
23.03.2021 08:50:43.343 GMT-0000,3351.303,3342.492,0.02,0.02
23.03.2021 08:50:43.528 GMT-0000,3351.262,3343.82,0.02,0.0075
23.03.2021 08:50:45.165 GMT-0000,3351.385,3344.492,0.02,0.0075
23.03.2021 08:50:48.458 GMT-0000,3348.3440000000005,3344.738,0.0075,0.02
23.03.2021 08:50:48.508 GMT-0000,3353.303,3346.697,0.02,0.02
23.03.2021 08:50:52.534 GMT-0000,3354.426,3346.82,0.02,0.02
23.03.2021 08:50:54.989 GMT-0000,3350.467,3346.451,0.0075,0.02
23.03.2021 08:50:55.304 GMT-0000,3356.221,3346.533,0.02,0.02
23.03.2021 08:51:03.247 GMT-0000,3352.3440000000005,3346.82,0.0075,0.0075
23.03.2021 08:51:03.298 GMT-0000,3352.426,3345.7790000000005,0.02,0.02
23.03.2021 08:51:03.348 GMT-0000,3354.5490000000004,3349.5740000000005,0.02,0.02
23.03.2021 08:51:04.080 GMT-0000,3353.385,3349.82,0.02,0.02
23.03.2021 08:51:04.130 GMT-0000,3353.5490000000004,3348.533,0.02,0.02
23.03.2021 08:51:04.437 GMT-0000,3354.5490000000004,3349.451,0.02,0.02
23.03.2021 08:51:05.080 GMT-0000,3353.1800000000003,3349.492,0.0075,0.02
23.03.2021 08:51:05.180 GMT-0000,3354.426,3349.738,0.02,0.02
23.03.2021 08:51:08.428 GMT-0000,3352.508,3349.7790000000005,0.0075,0.02
23.03.2021 08:51:08.528 GMT-0000,3353.508,3348.533,0.02,0.02
23.03.2021 08:51:09.613 GMT-0000,3353.467,3350,0.02,0.02
23.03.2021 08:51:13.308 GMT-0000,3352.426,3349.697,0.02,0.02
23.03.2021 08:51:13.442 GMT-0000,3353.1800000000003,3349.738,0.02,0.02
23.03.2021 08:51:13.865 GMT-0000,3352.508,3349.697,0.02,0.02
23.03.2021 08:51:16.568 GMT-0000,3351.1800000000003,3349.451,0.0075,0.0075
23.03.2021 08:51:16.619 GMT-0000,3352.385,3348.656,0.02,0.02
23.03.2021 08:51:21.680 GMT-0000,3351.426,3348.738,0.0075,0.02
23.03.2021 08:51:32.382 GMT-0000,3351.426,3349.5740000000005,0.0075,0.0075
23.03.2021 08:51:32.432 GMT-0000,3354.303,3349.738,0.02,0.02
23.03.2021 08:51:37.505 GMT-0000,3352,3349.697,0.0075,0.02
23.03.2021 08:51:39.280 GMT-0000,3351.5490000000004,3349.656,0.0075,0.0075
23.03.2021 08:51:39.330 GMT-0000,3351.385,3348.656,0.02,0.02
23.03.2021 08:51:40.967 GMT-0000,3352.3440000000005,3348.533,0.02,0.02
23.03.2021 08:51:47.349 GMT-0000,3351.385,3348.697,0.0075,0.02
23.03.2021 08:51:50.789 GMT-0000,3354.5490000000004,3348.738,0.02,0.02
23.03.2021 08:51:51.817 GMT-0000,3354,3349.5740000000005,0.02,0.0075
23.03.2021 08:52:00.235 GMT-0000,3352.221,3349.656,0.0075,0.0075
23.03.2021 08:52:00.285 GMT-0000,3352,3348.656,0.02,0.02
23.03.2021 08:52:00.392 GMT-0000,3354.1800000000003,3349,0.0075,0.02
23.03.2021 08:52:01.348 GMT-0000,3352.508,3348.697,0.0075,0.02
23.03.2021 08:52:02.439 GMT-0000,3356.426,3348.7790000000005,0.02,0.02
23.03.2021 08:52:02.500 GMT-0000,3351.385,3348.492,0.0075,0.02
23.03.2021 08:52:02.600 GMT-0000,3356.508,3348.6150000000002,0.02,0.02
23.03.2021 08:52:03.298 GMT-0000,3351.467,3348.5740000000005,0.0075,0.0075
23.03.2021 08:52:03.348 GMT-0000,3350.5490000000004,3345.738,0.02,0.02
23.03.2021 08:52:10.386 GMT-0000,3349.3440000000005,3345.738,0.0075,0.02
23.03.2021 08:52:15.750 GMT-0000,3348.1800000000003,3346,0.02,0.02
23.03.2021 08:52:25.522 GMT-0000,3349.508,3345.738,0.02,0.02
23.03.2021 08:52:25.573 GMT-0000,3351.426,3345.738,0.02,0.02
23.03.2021 08:52:28.022 GMT-0000,3348.385,3345.6150000000002,0.0075,0.02
23.03.2021 08:52:28.072 GMT-0000,3351,3345.492,0.02,0.02
23.03.2021 08:52:44.072 GMT-0000,3348.467,3345.492,0.02,0.02
23.03.2021 08:52:44.890 GMT-0000,3348.1800000000003,3343.533,0.02,0.02
23.03.2021 08:52:45.755 GMT-0000,3346.303,3343.738,0.0075,0.02
23.03.2021 08:52:52.359 GMT-0000,3345.303,3343.533,0.0075,0.0075
23.03.2021 08:52:52.409 GMT-0000,3345.426,3339.656,0.02,0.02
23.03.2021 08:52:52.460 GMT-0000,3345.467,3340.738,0.02,0.02
23.03.2021 08:52:52.510 GMT-0000,3345.1800000000003,3339.656,0.02,0.02
23.03.2021 08:52:53.178 GMT-0000,3345.262,3341,0.02,0.0075
23.03.2021 08:52:57.359 GMT-0000,3343.385,3340.5740000000005,0.02,0.02
23.03.2021 08:52:57.457 GMT-0000,3344,3340.492,0.02,0.02
23.03.2021 08:53:02.354 GMT-0000,3343.1800000000003,3340.82,0.02,0.02
23.03.2021 08:53:03.191 GMT-0000,3343.75,3343,0.0075,0.0075
23.03.2021 08:53:03.241 GMT-0000,3348.385,3342.697,0.02,0.02
23.03.2021 08:53:03.292 GMT-0000,3345.385,3342.5740000000005,0.02,0.02
23.03.2021 08:53:03.348 GMT-0000,3348.5490000000004,3343.738,0.02,0.02
23.03.2021 08:53:04.484 GMT-0000,3346.426,3343.697,0.0075,0.02
23.03.2021 08:53:04.585 GMT-0000,3348.1800000000003,3343.5740000000005,0.02,0.02
23.03.2021 08:53:14.076 GMT-0000,3346.221,3343.451,0.0075,0.02
23.03.2021 08:53:15.730 GMT-0000,3345.5490000000004,3343.75,0.0075,0.0075
23.03.2021 08:53:15.780 GMT-0000,3345.1800000000003,3339.656,0.02,0.02
23.03.2021 08:53:15.938 GMT-0000,3345.5490000000004,3343.656,0.02,0.02
23.03.2021 08:53:15.989 GMT-0000,3346,3340.533,0.02,0.02
23.03.2021 08:53:18.111 GMT-0000,3345.303,3340.656,0.0075,0.02
23.03.2021 08:53:22.358 GMT-0000,3343.303,3334.82,0.02,0.02
23.03.2021 08:53:23.847 GMT-0000,3342.303,3334.5740000000005,0.0075,0.02
23.03.2021 08:53:27.351 GMT-0000,3342,3332.6150000000002,0.02,0.02
23.03.2021 08:53:27.408 GMT-0000,3342.467,3337.6150000000002,0.02,0.0075
23.03.2021 08:53:27.508 GMT-0000,3342.5490000000004,3334.656,0.02,0.02
23.03.2021 08:53:29.549 GMT-0000,3342.467,3332.492,0.02,0.02
23.03.2021 08:53:35.511 GMT-0000,3342.303,3337.492,0.02,0.0075
23.03.2021 08:53:42.135 GMT-0000,3341.221,3337.697,0.0075,0.02
23.03.2021 08:53:49.586 GMT-0000,3344.5490000000004,3334.738,0.02,0.02
23.03.2021 08:53:49.881 GMT-0000,3344.3440000000005,3340,0.02,0.02
23.03.2021 08:53:59.697 GMT-0000,3344.426,3341,0.0075,0.0075
23.03.2021 08:53:59.798 GMT-0000,3348.426,3343.656,0.02,0.02
23.03.2021 08:53:59.898 GMT-0000,3348.467,3341.697,0.02,0.02
23.03.2021 08:53:59.948 GMT-0000,3348,3344.82,0.02,0.02
23.03.2021 08:54:03.727 GMT-0000,3348.5490000000004,3345.7790000000005,0.02,0.0075
23.03.2021 08:54:09.028 GMT-0000,3348.221,3344.6150000000002,0.02,0.02
23.03.2021 08:54:09.079 GMT-0000,3351.262,3345.697,0.02,0.02
23.03.2021 08:54:09.352 GMT-0000,3351.467,3346.697,0.02,0.02
23.03.2021 08:54:11.175 GMT-0000,3350.303,3344.6150000000002,0.02,0.02
23.03.2021 08:54:11.225 GMT-0000,3348.303,3344.656,0.02,0.02
23.03.2021 08:54:12.328 GMT-0000,3348,3342.533,0.02,0.02
23.03.2021 08:54:14.534 GMT-0000,3348.1800000000003,3343.656,0.02,0.0075
23.03.2021 08:54:14.680 GMT-0000,3348.303,3342.533,0.02,0.02
23.03.2021 08:54:17.357 GMT-0000,3347.262,3342.5740000000005,0.0075,0.02
23.03.2021 08:54:21.139 GMT-0000,3348.508,3344.82,0.02,0.02
23.03.2021 08:54:21.275 GMT-0000,3348.426,3342.697,0.02,0.02
23.03.2021 08:54:22.420 GMT-0000,3348.262,3344.533,0.02,0.0075
23.03.2021 08:54:31.599 GMT-0000,3347,3344.738,0.0075,0.0075
23.03.2021 08:54:31.649 GMT-0000,3347.262,3342.82,0.02,0.02
23.03.2021 08:54:31.700 GMT-0000,3348.221,3342.656,0.02,0.02
23.03.2021 08:54:31.778 GMT-0000,3348,3343.656,0.02,0.0075
23.03.2021 08:54:31.892 GMT-0000,3347.467,3343.492,0.0075,0.02
23.03.2021 08:54:31.942 GMT-0000,3348.3440000000005,3342.697,0.02,0.02
23.03.2021 08:54:35.144 GMT-0000,3348.3440000000005,3343.7790000000005,0.02,0.0075
23.03.2021 08:54:35.548 GMT-0000,3348.467,3344.7790000000005,0.02,0.0075
23.03.2021 08:54:35.649 GMT-0000,3348.385,3343.7790000000005,0.02,0.02
23.03.2021 08:54:50.132 GMT-0000,3348.467,3342.7790000000005,0.02,0.02
23.03.2021 08:54:50.548 GMT-0000,3350.5490000000004,3344.492,0.02,0.02
23.03.2021 08:54:51.152 GMT-0000,3350.5490000000004,3345.5740000000005,0.02,0.0075
23.03.2021 08:54:51.678 GMT-0000,3349.508,3345.533,0.02,0.02
23.03.2021 08:54:51.779 GMT-0000,3350,3345.5740000000005,0.02,0.02
23.03.2021 08:54:52.708 GMT-0000,3350.1800000000003,3347,0.0075,0.0075
23.03.2021 08:54:52.758 GMT-0000,3351.3440000000005,3346.656,0.02,0.02
23.03.2021 08:54:56.806 GMT-0000,3350.262,3346.7790000000005,0.0075,0.02
23.03.2021 08:54:56.856 GMT-0000,3353.303,3346.7790000000005,0.02,0.02
23.03.2021 08:54:56.907 GMT-0000,3350.508,3346.656,0.02,0.02
23.03.2021 08:54:57.832 GMT-0000,3353.3440000000005,3347,0.02,0.02
23.03.2021 08:54:57.959 GMT-0000,3353.508,3348.7790000000005,0.02,0.0075
23.03.2021 08:54:59.488 GMT-0000,3349.508,3348.492,0.0075,0.0075
23.03.2021 08:54:59.539 GMT-0000,3351,3344.656,0.02,0.02
23.03.2021 08:54:59.589 GMT-0000,3351.508,3345.6150000000002,0.02,0.02
23.03.2021 08:55:00.128 GMT-0000,3351.385,3347,0.02,0.0075
23.03.2021 08:55:00.229 GMT-0000,3350.221,3346.533,0.02,0.02
23.03.2021 08:55:00.361 GMT-0000,3349.1800000000003,3345.738,0.0075,0.02
23.03.2021 08:55:00.412 GMT-0000,3350.385,3345.7790000000005,0.02,0.02
23.03.2021 08:55:02.374 GMT-0000,3349.303,3345.5740000000005,0.0075,0.02
23.03.2021 08:55:24.138 GMT-0000,3349.3440000000005,3346.6150000000002,0.0075,0.0075
23.03.2021 08:55:24.188 GMT-0000,3350.3440000000005,3346.6150000000002,0.02,0.02
23.03.2021 08:55:36.931 GMT-0000,3349.508,3346.533,0.0075,0.02
23.03.2021 08:55:58.775 GMT-0000,3351.467,3346.82,0.02,0.02
23.03.2021 08:55:58.825 GMT-0000,3353.426,3349,0.02,0.02
23.03.2021 08:56:01.888 GMT-0000,3353,3349.6150000000002,0.02,0.0075
23.03.2021 08:56:02.997 GMT-0000,3353.262,3350.6150000000002,0.02,0.0075
23.03.2021 08:56:03.098 GMT-0000,3358.303,3350.451,0.02,0.02
23.03.2021 08:56:04.090 GMT-0000,3358.5490000000004,3351.656,0.02,0.0075
23.03.2021 08:56:20.562 GMT-0000,3360,3351.6150000000002,0.02,0.02
23.03.2021 08:56:20.612 GMT-0000,3361.426,3353.6150000000002,0.02,0.02
23.03.2021 08:56:21.680 GMT-0000,3361.262,3354.533,0.02,0.0075
23.03.2021 08:56:30.259 GMT-0000,3362,3354.697,0.02,0.02
23.03.2021 08:56:31.035 GMT-0000,3361.508,3355,0.02,0.02
23.03.2021 08:56:39.472 GMT-0000,3358.3440000000005,3354.6150000000002,0.0075,0.02
23.03.2021 08:56:56.276 GMT-0000,3357.508,3354.82,0.0075,0.02
23.03.2021 08:57:01.102 GMT-0000,3357.467,3348.5740000000005,0.02,0.02
23.03.2021 08:57:01.152 GMT-0000,3357.3440000000005,3352.533,0.02,0.02
23.03.2021 08:57:02.259 GMT-0000,3356.508,3352.533,0.02,0.02
23.03.2021 08:57:13.152 GMT-0000,3357.3440000000005,3352.451,0.02,0.02
23.03.2021 08:57:13.915 GMT-0000,3361.508,3353.82,0.02,0.02
23.03.2021 08:57:14.342 GMT-0000,3362.262,3354.5740000000005,0.02,0.02
23.03.2021 08:57:14.492 GMT-0000,3360.221,3356.533,0.0075,0.02
23.03.2021 08:57:14.542 GMT-0000,3363.3440000000005,3357,0.02,0.02
23.03.2021 08:57:20.958 GMT-0000,3360.262,3356.656,0.0075,0.02
23.03.2021 08:57:26.743 GMT-0000,3358.508,3351.533,0.02,0.02
23.03.2021 08:57:26.794 GMT-0000,3354.508,3349.451,0.02,0.02
23.03.2021 08:57:26.844 GMT-0000,3356.508,3349.697,0.02,0.02
23.03.2021 08:57:26.894 GMT-0000,3355.3440000000005,3349.656,0.02,0.02
23.03.2021 08:57:26.945 GMT-0000,3356.426,3349.656,0.02,0.02
23.03.2021 08:57:27.791 GMT-0000,3354.303,3349.6150000000002,0.0075,0.02
23.03.2021 08:57:27.841 GMT-0000,3356.303,3349.492,0.02,0.02
23.03.2021 08:57:27.918 GMT-0000,3356.508,3351.451,0.02,0.0075
23.03.2021 08:57:32.374 GMT-0000,3354.385,3351.451,0.0075,0.02
23.03.2021 08:57:45.539 GMT-0000,3354.221,3353,0.02,0.02
23.03.2021 08:57:52.726 GMT-0000,3356,3353.5740000000005,0.02,0.02
23.03.2021 08:58:00.722 GMT-0000,3359.1800000000003,3354.533,0.02,0.02
23.03.2021 08:58:03.723 GMT-0000,3359,3355.7790000000005,0.02,0.02
23.03.2021 08:58:03.831 GMT-0000,3357.467,3352.7790000000005,0.02,0.02
23.03.2021 08:58:04.924 GMT-0000,3356.1800000000003,3353,0.0075,0.02
23.03.2021 08:58:05.024 GMT-0000,3357,3353,0.02,0.02
23.03.2021 08:58:08.755 GMT-0000,3356.5490000000004,3352.656,0.0075,0.02
23.03.2021 08:58:13.939 GMT-0000,3356.3440000000005,3353.7790000000005,0.0075,0.0075
23.03.2021 08:58:13.989 GMT-0000,3359.385,3353.697,0.02,0.02
23.03.2021 08:58:14.072 GMT-0000,3359.221,3355,0.02,0.02
23.03.2021 08:58:15.021 GMT-0000,3358.467,3354.492,0.0075,0.02
23.03.2021 08:58:16.030 GMT-0000,3359.426,3354.697,0.02,0.02
23.03.2021 08:58:19.674 GMT-0000,3358.508,3354.492,0.0075,0.02
23.03.2021 08:58:19.724 GMT-0000,3359.426,3354.656,0.02,0.02
23.03.2021 08:58:22.369 GMT-0000,3358,3354.533,0.0075,0.02
23.03.2021 08:58:22.542 GMT-0000,3359.3440000000005,3354.656,0.02,0.02
23.03.2021 08:58:49.927 GMT-0000,3357.385,3354.533,0.0075,0.02
23.03.2021 08:58:50.882 GMT-0000,3357,3355.6150000000002,0.0075,0.0075
23.03.2021 08:58:50.932 GMT-0000,3359.1800000000003,3355.7790000000005,0.02,0.02
23.03.2021 08:59:07.866 GMT-0000,3358.3440000000005,3356,0.0075,0.02
23.03.2021 08:59:08.131 GMT-0000,3359.1800000000003,3355.7790000000005,0.02,0.02
23.03.2021 08:59:08.232 GMT-0000,3358,3353.82,0.02,0.02
23.03.2021 08:59:08.337 GMT-0000,3357.5490000000004,3353.5740000000005,0.0075,0.02
23.03.2021 08:59:47.676 GMT-0000,3357.262,3355,0.02,0.0075
23.03.2021 08:59:47.777 GMT-0000,3357.385,3353.738,0.02,0.02
23.03.2021 08:59:48.832 GMT-0000,3357.467,3354.5740000000005,0.02,0.0075
23.03.2021 09:00:04.082 GMT-0000,3356.262,3354,0.02,0.02
23.03.2021 09:00:06.168 GMT-0000,3355.221,3349.738,0.02,0.02
23.03.2021 09:00:06.292 GMT-0000,3353.467,3349.6150000000002,0.0075,0.02
23.03.2021 09:00:17.740 GMT-0000,3353.426,3350.7790000000005,0.02,0.0075
23.03.2021 09:00:17.790 GMT-0000,3353,3349.656,0.02,0.02
23.03.2021 09:00:18.135 GMT-0000,3353.5490000000004,3350.82,0.02,0.02
23.03.2021 09:00:25.045 GMT-0000,3352.3440000000005,3350.533,0.0075,0.0075
23.03.2021 09:00:25.095 GMT-0000,3353.5490000000004,3349.6150000000002,0.02,0.02
23.03.2021 09:00:26.399 GMT-0000,3352.303,3349.451,0.0075,0.02
23.03.2021 09:00:44.373 GMT-0000,3351.221,3349.533,0.0075,0.0075
23.03.2021 09:00:44.423 GMT-0000,3350.262,3345.656,0.02,0.02
23.03.2021 09:00:44.476 GMT-0000,3350.1800000000003,3346.7790000000005,0.02,0.0075
23.03.2021 09:00:44.607 GMT-0000,3349.221,3345.82,0.02,0.02
23.03.2021 09:00:44.757 GMT-0000,3349.262,3346.697,0.02,0.02
23.03.2021 09:01:02.134 GMT-0000,3349,3345.451,0.02,0.02
23.03.2021 09:01:02.184 GMT-0000,3348.221,3345.492,0.02,0.02
23.03.2021 09:01:03.139 GMT-0000,3347.303,3345.7790000000005,0.0075,0.02
23.03.2021 09:01:03.651 GMT-0000,3347.467,3344.451,0.02,0.02
23.03.2021 09:01:06.226 GMT-0000,3346.508,3344.5740000000005,0.0075,0.02
23.03.2021 09:01:12.030 GMT-0000,3346.5490000000004,3343.656,0.02,0.02
23.03.2021 09:01:22.510 GMT-0000,3345.221,3343.697,0.0075,0.02
23.03.2021 09:01:24.125 GMT-0000,3344.385,3339.492,0.02,0.02
23.03.2021 09:01:26.316 GMT-0000,3343.5490000000004,3340,0.0075,0.0075
23.03.2021 09:01:26.366 GMT-0000,3343.262,3338.7790000000005,0.02,0.02
23.03.2021 09:01:28.273 GMT-0000,3342.426,3338.451,0.0075,0.02
23.03.2021 09:01:28.374 GMT-0000,3342.262,3335.656,0.02,0.02
23.03.2021 09:01:28.926 GMT-0000,3341.262,3335.6150000000002,0.0075,0.02
23.03.2021 09:01:29.213 GMT-0000,3341.508,3337.738,0.02,0.0075
23.03.2021 09:01:31.293 GMT-0000,3340.1800000000003,3338,0.0075,0.02
23.03.2021 09:01:31.393 GMT-0000,3339.3440000000005,3334.6150000000002,0.02,0.02
23.03.2021 09:01:44.543 GMT-0000,3339.385,3336.738,0.0075,0.0075
23.03.2021 09:01:44.593 GMT-0000,3342.303,3335.5740000000005,0.02,0.02
23.03.2021 09:01:44.687 GMT-0000,3342.508,3337.7790000000005,0.02,0.0075
23.03.2021 09:01:45.697 GMT-0000,3343.5490000000004,3337.697,0.02,0.02
23.03.2021 09:01:45.747 GMT-0000,3342.3440000000005,3337.697,0.02,0.02
23.03.2021 09:01:46.736 GMT-0000,3340.385,3337.656,0.02,0.02
23.03.2021 09:01:49.787 GMT-0000,3342.5490000000004,3338,0.02,0.02
23.03.2021 09:01:52.300 GMT-0000,3340.262,3337.656,0.0075,0.02
23.03.2021 09:02:17.558 GMT-0000,3340.3440000000005,3336.738,0.02,0.02
23.03.2021 09:02:17.608 GMT-0000,3338.1800000000003,3334.656,0.02,0.02
23.03.2021 09:02:17.946 GMT-0000,3337,3334.451,0.02,0.02
23.03.2021 09:02:18.764 GMT-0000,3337.508,3335.492,0.0075,0.0075
23.03.2021 09:02:18.815 GMT-0000,3340.385,3335.451,0.02,0.02
23.03.2021 09:02:18.916 GMT-0000,3340.5490000000004,3337,0.02,0.0075
23.03.2021 09:02:19.042 GMT-0000,3340.3440000000005,3337.492,0.02,0.02
23.03.2021 09:02:19.093 GMT-0000,3340.385,3336.5740000000005,0.02,0.02
23.03.2021 09:02:19.589 GMT-0000,3339.303,3337,0.02,0.02
23.03.2021 09:02:29.834 GMT-0000,3339.221,3334.6150000000002,0.02,0.02
23.03.2021 09:02:30.345 GMT-0000,3338.221,3334.6150000000002,0.0075,0.02
23.03.2021 09:02:35.707 GMT-0000,3337.426,3334.7790000000005,0.0075,0.02
23.03.2021 09:02:39.265 GMT-0000,3337,3335.451,0.0075,0.0075
23.03.2021 09:02:39.315 GMT-0000,3339.467,3335.697,0.02,0.02
23.03.2021 09:02:44.239 GMT-0000,3339.262,3334.82,0.02,0.02
23.03.2021 09:03:06.084 GMT-0000,3339.1800000000003,3336,0.02,0.0075
23.03.2021 09:03:08.529 GMT-0000,3339.5490000000004,3336.451,0.0075,0.0075
23.03.2021 09:03:08.744 GMT-0000,3340.467,3337.82,0.02,0.0075
23.03.2021 09:03:08.794 GMT-0000,3340.1800000000003,3336.5740000000005,0.02,0.02
23.03.2021 09:03:10.072 GMT-0000,3340.221,3337.451,0.02,0.02
23.03.2021 09:03:40.536 GMT-0000,3340.467,3338.451,0.02,0.02
23.03.2021 09:03:42.195 GMT-0000,3341.1800000000003,3338.533,0.02,0.02
23.03.2021 09:03:43.080 GMT-0000,3343.426,3339.738,0.02,0.0075
23.03.2021 09:03:43.130 GMT-0000,3342.303,3339.82,0.02,0.02
23.03.2021 09:03:43.267 GMT-0000,3344.508,3339.492,0.02,0.02
23.03.2021 09:03:50.404 GMT-0000,3341.467,3338.7790000000005,0.02,0.02
23.03.2021 09:03:50.454 GMT-0000,3343.1800000000003,3338.738,0.02,0.02
23.03.2021 09:04:00.373 GMT-0000,3343.467,3339.697,0.02,0.0075
23.03.2021 09:04:02.331 GMT-0000,3343.3440000000005,3338.492,0.02,0.02
23.03.2021 09:04:06.022 GMT-0000,3341.303,3338.5740000000005,0.02,0.02
23.03.2021 09:04:07.034 GMT-0000,3342.426,3338.533,0.02,0.02
23.03.2021 09:04:07.480 GMT-0000,3340.303,3338.5740000000005,0.0075,0.0075
23.03.2021 09:04:07.530 GMT-0000,3338.1800000000003,3333.697,0.02,0.02
23.03.2021 09:04:07.580 GMT-0000,3338.426,3335,0.02,0.02
23.03.2021 09:04:07.631 GMT-0000,3338.262,3333.5740000000005,0.02,0.02
23.03.2021 09:04:08.695 GMT-0000,3338.1800000000003,3335,0.02,0.0075
23.03.2021 09:04:12.191 GMT-0000,3340.508,3334.6150000000002,0.02,0.02
23.03.2021 09:04:13.444 GMT-0000,3339.3440000000005,3334.492,0.0075,0.02
23.03.2021 09:04:24.216 GMT-0000,3337.508,3334.451,0.0075,0.0075
23.03.2021 09:04:24.267 GMT-0000,3334.5490000000004,3329.6150000000002,0.02,0.02
23.03.2021 09:04:24.371 GMT-0000,3333.262,3329.451,0.0075,0.02
23.03.2021 09:04:24.475 GMT-0000,3333,3330.656,0.0075,0.0075
23.03.2021 09:04:24.525 GMT-0000,3334,3330.5740000000005,0.02,0.02
23.03.2021 09:04:24.576 GMT-0000,3336.1800000000003,3331.492,0.02,0.02
