Local time,Ask,Bid,AskVolume,BidVolume
25.03.2021 08:00:12.285 GMT-0000,3363.262,3354,0.02,0.02
25.03.2021 08:00:17.690 GMT-0000,3363,3335.697,0.02,0.02
25.03.2021 08:00:19.028 GMT-0000,3362.1800000000003,3337.738,0.0075,0.0075
25.03.2021 08:00:28.955 GMT-0000,3362.262,3339.82,0.0075,0.0075
25.03.2021 08:00:34.576 GMT-0000,3360.385,3341.5740000000005,0.0075,0.0075
25.03.2021 08:00:39.989 GMT-0000,3360.508,3342.656,0.02,0.02
25.03.2021 08:00:44.391 GMT-0000,3367.508,3342.697,0.02,0.02
25.03.2021 08:00:45.018 GMT-0000,3367.262,3340.738,0.02,0.02
25.03.2021 08:00:50.330 GMT-0000,3367.426,3341.492,0.02,0.0075
25.03.2021 08:00:50.436 GMT-0000,3353.3440000000005,3336.451,0.02,0.02
25.03.2021 08:00:50.676 GMT-0000,3357.1800000000003,3336.82,0.02,0.02
25.03.2021 08:00:51.364 GMT-0000,3355.5490000000004,3336.6150000000002,0.0075,0.02
25.03.2021 08:00:51.997 GMT-0000,3355.385,3343.6150000000002,0.02,0.0075
25.03.2021 08:00:52.126 GMT-0000,3350.385,3343.492,0.0075,0.02
25.03.2021 08:00:52.283 GMT-0000,3349.1800000000003,3343.5,0.0075,0.0075
25.03.2021 08:00:52.333 GMT-0000,3345.467,3326.738,0.02,0.02
25.03.2021 08:00:53.167 GMT-0000,3345.221,3325.82,0.02,0.02
25.03.2021 08:00:53.217 GMT-0000,3344.1800000000003,3325.492,0.02,0.02
25.03.2021 08:00:53.368 GMT-0000,3342.467,3325.738,0.0075,0.02
25.03.2021 08:00:53.468 GMT-0000,3342.5490000000004,3324.656,0.02,0.02
25.03.2021 08:00:54.393 GMT-0000,3339.3440000000005,3324.533,0.0075,0.0075
25.03.2021 08:00:54.444 GMT-0000,3339.426,3321.533,0.02,0.02
25.03.2021 08:00:54.747 GMT-0000,3341.221,3314.5740000000005,0.02,0.02
25.03.2021 08:00:55.154 GMT-0000,3337.508,3314.533,0.02,0.02
25.03.2021 08:00:58.620 GMT-0000,3337.467,3317.533,0.02,0.0075
25.03.2021 08:00:58.670 GMT-0000,3337.426,3316.451,0.02,0.02
25.03.2021 08:00:58.902 GMT-0000,3337,3319.738,0.02,0.02
25.03.2021 08:00:59.147 GMT-0000,3333.262,3316.6150000000002,0.02,0.02
25.03.2021 08:00:59.822 GMT-0000,3337.426,3316.533,0.02,0.02
25.03.2021 08:01:03.257 GMT-0000,3337.262,3315.6150000000002,0.02,0.02
25.03.2021 08:01:03.409 GMT-0000,3337.426,3314.738,0.02,0.02
25.03.2021 08:01:06.700 GMT-0000,3333.508,3314.451,0.0075,0.02
25.03.2021 08:01:06.800 GMT-0000,3337.262,3314.492,0.02,0.02
25.03.2021 08:01:09.090 GMT-0000,3330.508,3306.738,0.02,0.02
25.03.2021 08:01:09.537 GMT-0000,3330.3440000000005,3305.492,0.02,0.02
25.03.2021 08:01:10.001 GMT-0000,3330.1800000000003,3306.82,0.02,0.0075
25.03.2021 08:01:10.380 GMT-0000,3330.303,3307.6150000000002,0.02,0.0075
25.03.2021 08:01:11.023 GMT-0000,3330.262,3308.82,0.02,0.0075
25.03.2021 08:01:16.898 GMT-0000,3336.221,3308.533,0.02,0.02
25.03.2021 08:01:22.218 GMT-0000,3335.5490000000004,3310.7790000000005,0.0075,0.0075
25.03.2021 08:01:22.554 GMT-0000,3328.221,3310.6150000000002,0.0075,0.02
25.03.2021 08:01:25.923 GMT-0000,3341.221,3310.656,0.02,0.02
25.03.2021 08:01:26.048 GMT-0000,3341.467,3311.533,0.02,0.0075
25.03.2021 08:01:26.647 GMT-0000,3340.426,3312.492,0.0075,0.02
25.03.2021 08:01:26.916 GMT-0000,3343,3325.6150000000002,0.0075,0.0075
25.03.2021 08:01:26.966 GMT-0000,3346,3325.697,0.02,0.02
25.03.2021 08:01:27.017 GMT-0000,3341.508,3316.82,0.02,0.02
25.03.2021 08:01:27.125 GMT-0000,3340.1800000000003,3316.6150000000002,0.02,0.02
25.03.2021 08:01:27.275 GMT-0000,3340.5490000000004,3317.7790000000005,0.02,0.0075
25.03.2021 08:01:27.988 GMT-0000,3340.426,3320.451,0.02,0.0075
25.03.2021 08:01:28.172 GMT-0000,3340.508,3321.6150000000002,0.02,0.0075
25.03.2021 08:01:28.864 GMT-0000,3340.508,3322.533,0.02,0.0075
25.03.2021 08:01:38.422 GMT-0000,3340,3318.7790000000005,0.02,0.02
25.03.2021 08:01:38.548 GMT-0000,3339.426,3318.451,0.0075,0.02
25.03.2021 08:01:38.599 GMT-0000,3340,3319,0.02,0.02
25.03.2021 08:01:38.737 GMT-0000,3336.221,3318.533,0.0075,0.02
25.03.2021 08:01:38.837 GMT-0000,3339.426,3318.451,0.02,0.02
25.03.2021 08:01:49.017 GMT-0000,3339.385,3319.533,0.02,0.02
25.03.2021 08:01:49.129 GMT-0000,3339.508,3320.6150000000002,0.02,0.02
25.03.2021 08:01:58.388 GMT-0000,3339.5490000000004,3318.82,0.02,0.02
25.03.2021 08:01:58.438 GMT-0000,3339.426,3319.82,0.02,0.02
25.03.2021 08:01:58.552 GMT-0000,3337.262,3319.697,0.0075,0.02
25.03.2021 08:02:00.657 GMT-0000,3337.508,3318.451,0.02,0.02
25.03.2021 08:02:00.772 GMT-0000,3337.303,3317.451,0.02,0.02
25.03.2021 08:02:04.076 GMT-0000,3335,3317.697,0.0075,0.02
25.03.2021 08:02:05.159 GMT-0000,3337.5490000000004,3317.738,0.02,0.02
25.03.2021 08:02:15.606 GMT-0000,3337.5490000000004,3319.6150000000002,0.02,0.02
25.03.2021 08:02:20.707 GMT-0000,3340.303,3319.697,0.02,0.02
25.03.2021 08:02:20.772 GMT-0000,3340.303,3321.82,0.0075,0.0075
25.03.2021 08:02:20.822 GMT-0000,3341.262,3321.492,0.02,0.02
25.03.2021 08:02:30.043 GMT-0000,3341.262,3323.533,0.02,0.02
25.03.2021 08:02:30.144 GMT-0000,3340.303,3322.533,0.02,0.02
25.03.2021 08:02:31.392 GMT-0000,3339.262,3322.492,0.02,0.02
25.03.2021 08:02:31.851 GMT-0000,3335.3440000000005,3322.7790000000005,0.02,0.02
25.03.2021 08:02:53.444 GMT-0000,3332.385,3310.656,0.02,0.02
25.03.2021 08:02:53.552 GMT-0000,3329.262,3310.82,0.0075,0.0075
25.03.2021 08:02:53.602 GMT-0000,3329.467,3309,0.02,0.02
25.03.2021 08:02:53.804 GMT-0000,3329.3440000000005,3307.5740000000005,0.02,0.02
25.03.2021 08:02:54.434 GMT-0000,3329.1800000000003,3306.697,0.02,0.02
25.03.2021 08:02:56.346 GMT-0000,3329.508,3308.6150000000002,0.02,0.0075
25.03.2021 08:02:57.090 GMT-0000,3330.303,3308.533,0.02,0.02
25.03.2021 08:02:57.834 GMT-0000,3329.262,3308.533,0.0075,0.02
25.03.2021 08:03:00.790 GMT-0000,3329.508,3307.451,0.02,0.02
25.03.2021 08:03:00.925 GMT-0000,3322.3440000000005,3307.697,0.02,0.02
25.03.2021 08:03:01.427 GMT-0000,3322,3308.533,0.02,0.0075
25.03.2021 08:03:01.528 GMT-0000,3322.508,3309.492,0.02,0.02
25.03.2021 08:03:01.578 GMT-0000,3322.3440000000005,3307,0.02,0.02
25.03.2021 08:03:02.078 GMT-0000,3322.3440000000005,3305.656,0.02,0.02
25.03.2021 08:03:03.359 GMT-0000,3320.221,3305.451,0.0075,0.02
25.03.2021 08:03:06.310 GMT-0000,3320.385,3306.451,0.02,0.0075
25.03.2021 08:03:06.361 GMT-0000,3320.3440000000005,3304.492,0.02,0.02
25.03.2021 08:03:07.307 GMT-0000,3320.385,3308.533,0.0075,0.0075
25.03.2021 08:03:07.358 GMT-0000,3322,3308.5740000000005,0.02,0.02
25.03.2021 08:03:09.041 GMT-0000,3322.426,3311.533,0.02,0.0075
25.03.2021 08:03:33.548 GMT-0000,3321.3440000000005,3311.6150000000002,0.02,0.02
25.03.2021 08:03:41.396 GMT-0000,3320.221,3311.5740000000005,0.0075,0.0075
25.03.2021 08:03:41.447 GMT-0000,3320.221,3307.656,0.02,0.02
25.03.2021 08:03:41.810 GMT-0000,3318,3307.533,0.0075,0.0075
25.03.2021 08:03:41.861 GMT-0000,3318.426,3305.82,0.02,0.02
25.03.2021 08:03:49.257 GMT-0000,3318,3305,0.02,0.02
25.03.2021 08:04:02.221 GMT-0000,3318.467,3305.5740000000005,0.02,0.0075
25.03.2021 08:04:04.693 GMT-0000,3317.467,3305.656,0.02,0.02
25.03.2021 08:04:05.941 GMT-0000,3317.262,3306.82,0.0075,0.0075
25.03.2021 08:04:05.992 GMT-0000,3326.508,3306.82,0.02,0.02
25.03.2021 08:04:06.925 GMT-0000,3325.262,3306.697,0.0075,0.02
25.03.2021 08:04:07.026 GMT-0000,3324.467,3306.492,0.02,0.02
25.03.2021 08:04:08.704 GMT-0000,3324.508,3312.6150000000002,0.0075,0.0075
25.03.2021 08:04:08.754 GMT-0000,3330.385,3312.697,0.02,0.02
25.03.2021 08:04:08.996 GMT-0000,3329.262,3312.738,0.0075,0.02
25.03.2021 08:04:09.224 GMT-0000,3329.221,3310.533,0.02,0.02
25.03.2021 08:04:09.917 GMT-0000,3329.303,3312.82,0.02,0.0075
25.03.2021 08:04:10.018 GMT-0000,3328.262,3310.82,0.02,0.02
25.03.2021 08:04:11.425 GMT-0000,3329.385,3312.7790000000005,0.02,0.0075
25.03.2021 08:04:11.712 GMT-0000,3328.5490000000004,3312.697,0.0075,0.02
25.03.2021 08:04:12.108 GMT-0000,3329.3440000000005,3312.492,0.02,0.02
25.03.2021 08:04:29.780 GMT-0000,3328.3440000000005,3312.5740000000005,0.0075,0.02
25.03.2021 08:04:41.726 GMT-0000,3329.426,3314.6150000000002,0.02,0.02
25.03.2021 08:04:44.741 GMT-0000,3329.221,3313.6150000000002,0.02,0.02
25.03.2021 08:04:44.792 GMT-0000,3329.467,3314.533,0.02,0.02
25.03.2021 08:04:44.934 GMT-0000,3329.508,3313.451,0.02,0.02
25.03.2021 08:04:50.746 GMT-0000,3329.385,3312.451,0.02,0.02
25.03.2021 08:04:50.931 GMT-0000,3329.3440000000005,3318.533,0.0075,0.0075
25.03.2021 08:04:50.981 GMT-0000,3334.3440000000005,3318.697,0.02,0.02
25.03.2021 08:04:51.031 GMT-0000,3331.221,3318.656,0.02,0.02
25.03.2021 08:04:52.572 GMT-0000,3331.1800000000003,3324,0.02,0.02
25.03.2021 08:05:13.838 GMT-0000,3330.262,3323.656,0.0075,0.02
25.03.2021 08:05:13.889 GMT-0000,3329.303,3316.6150000000002,0.02,0.02
25.03.2021 08:05:14.907 GMT-0000,3329.3440000000005,3314.533,0.02,0.02
25.03.2021 08:05:22.226 GMT-0000,3328.508,3316.533,0.0075,0.0075
25.03.2021 08:05:46.257 GMT-0000,3328.385,3319.492,0.02,0.02
25.03.2021 08:05:50.192 GMT-0000,3327.1800000000003,3319.451,0.0075,0.02
25.03.2021 08:05:50.436 GMT-0000,3327.5490000000004,3314.656,0.02,0.02
25.03.2021 08:05:51.072 GMT-0000,3327.508,3313.492,0.02,0.02
25.03.2021 08:05:53.388 GMT-0000,3324.303,3313.697,0.0075,0.02
25.03.2021 08:06:00.930 GMT-0000,3324.1800000000003,3312.533,0.02,0.02
25.03.2021 08:06:03.027 GMT-0000,3324.303,3313.533,0.02,0.0075
25.03.2021 08:06:03.078 GMT-0000,3324.5490000000004,3310.533,0.02,0.02
25.03.2021 08:06:10.967 GMT-0000,3324.508,3314.533,0.0075,0.0075
25.03.2021 08:06:11.017 GMT-0000,3326.5490000000004,3314.533,0.02,0.02
25.03.2021 08:06:11.860 GMT-0000,3327.3440000000005,3314.5740000000005,0.02,0.02
25.03.2021 08:06:13.980 GMT-0000,3326.3440000000005,3314.7790000000005,0.0075,0.02
25.03.2021 08:06:15.184 GMT-0000,3327.508,3314.492,0.02,0.02
25.03.2021 08:06:15.392 GMT-0000,3327.426,3316.697,0.02,0.0075
25.03.2021 08:06:17.717 GMT-0000,3327.3440000000005,3317.7790000000005,0.02,0.0075
25.03.2021 08:06:17.817 GMT-0000,3329.385,3317.492,0.02,0.02
25.03.2021 08:06:17.868 GMT-0000,3330.5490000000004,3317.697,0.02,0.02
25.03.2021 08:06:26.705 GMT-0000,3330.426,3320.492,0.02,0.0075
25.03.2021 08:06:50.842 GMT-0000,3329.221,3320.738,0.0075,0.0075
25.03.2021 08:06:50.892 GMT-0000,3329,3318.656,0.02,0.02
25.03.2021 08:07:02.711 GMT-0000,3328.303,3318.492,0.0075,0.02
25.03.2021 08:07:05.772 GMT-0000,3329.262,3318.656,0.02,0.02
25.03.2021 08:07:22.179 GMT-0000,3330.221,3318.7790000000005,0.02,0.02
25.03.2021 08:07:22.229 GMT-0000,3329,3318.5740000000005,0.02,0.02
25.03.2021 08:07:24.196 GMT-0000,3329.221,3320.697,0.02,0.0075
25.03.2021 08:07:25.518 GMT-0000,3329.262,3326,0.0075,0.0075
25.03.2021 08:07:25.569 GMT-0000,3334.5490000000004,3325.492,0.02,0.02
25.03.2021 08:07:25.772 GMT-0000,3333.5490000000004,3325.6150000000002,0.0075,0.02
25.03.2021 08:08:05.750 GMT-0000,3333.3440000000005,3326.7790000000005,0.0075,0.0075
25.03.2021 08:08:05.800 GMT-0000,3334.3440000000005,3326.492,0.02,0.02
25.03.2021 08:08:05.850 GMT-0000,3337.426,3329.451,0.02,0.02
25.03.2021 08:08:07.401 GMT-0000,3338.3440000000005,3329.5740000000005,0.02,0.02
25.03.2021 08:08:08.597 GMT-0000,3335.385,3329.451,0.0075,0.0075
25.03.2021 08:08:08.648 GMT-0000,3335.508,3324.7790000000005,0.02,0.02
25.03.2021 08:08:08.744 GMT-0000,3336.426,3324.533,0.02,0.02
25.03.2021 08:08:08.794 GMT-0000,3335.221,3324.656,0.02,0.02
25.03.2021 08:08:08.904 GMT-0000,3334.385,3322.451,0.02,0.02
25.03.2021 08:08:09.482 GMT-0000,3335.426,3324.697,0.02,0.02
25.03.2021 08:08:22.492 GMT-0000,3335.303,3325.738,0.02,0.0075
25.03.2021 08:08:22.593 GMT-0000,3337.467,3326.533,0.02,0.02
25.03.2021 08:08:22.680 GMT-0000,3335.1800000000003,3326.738,0.0075,0.02
25.03.2021 08:08:28.376 GMT-0000,3334.1800000000003,3326.82,0.0075,0.0075
25.03.2021 08:08:28.426 GMT-0000,3334.221,3324.6150000000002,0.02,0.02
25.03.2021 08:08:57.972 GMT-0000,3334.262,3326.451,0.02,0.0075
25.03.2021 08:08:58.608 GMT-0000,3334.3440000000005,3328.656,0.0075,0.0075
25.03.2021 08:08:58.658 GMT-0000,3337.385,3328.492,0.02,0.02
25.03.2021 08:08:58.709 GMT-0000,3337.5490000000004,3326.492,0.02,0.02
25.03.2021 08:09:18.224 GMT-0000,3337.303,3329.451,0.02,0.0075
25.03.2021 08:09:19.622 GMT-0000,3339.303,3329.656,0.02,0.02
25.03.2021 08:09:21.372 GMT-0000,3339.262,3330.656,0.02,0.0075
25.03.2021 08:09:22.112 GMT-0000,3337.467,3330.82,0.0075,0.02
25.03.2021 08:09:27.697 GMT-0000,3335.303,3330.6150000000002,0.0075,0.02
25.03.2021 08:09:30.068 GMT-0000,3339.221,3330.738,0.02,0.02
25.03.2021 08:09:35.788 GMT-0000,3340.3440000000005,3330.533,0.02,0.02
25.03.2021 08:10:00.149 GMT-0000,3340.3440000000005,3331.5740000000005,0.02,0.0075
25.03.2021 08:10:00.361 GMT-0000,3340,3332.492,0.0075,0.02
25.03.2021 08:10:00.412 GMT-0000,3342.3440000000005,3333,0.02,0.02
25.03.2021 08:10:03.746 GMT-0000,3342.221,3333.492,0.02,0.0075
25.03.2021 08:10:03.869 GMT-0000,3341.221,3333.533,0.02,0.02
25.03.2021 08:10:03.973 GMT-0000,3341.467,3334.697,0.02,0.02
25.03.2021 08:10:04.571 GMT-0000,3344.5490000000004,3334.7790000000005,0.02,0.02
25.03.2021 08:10:07.589 GMT-0000,3344.262,3336.533,0.02,0.0075
25.03.2021 08:10:09.647 GMT-0000,3346.467,3336.738,0.02,0.02
25.03.2021 08:10:10.322 GMT-0000,3346.467,3338.6150000000002,0.02,0.0075
25.03.2021 08:10:25.980 GMT-0000,3346.467,3340.7790000000005,0.02,0.0075
25.03.2021 08:10:30.044 GMT-0000,3345.221,3341,0.0075,0.0075
25.03.2021 08:10:30.094 GMT-0000,3345.262,3336.656,0.02,0.02
25.03.2021 08:10:30.144 GMT-0000,3343.1800000000003,3336.451,0.02,0.02
25.03.2021 08:10:30.807 GMT-0000,3342.303,3336.82,0.0075,0.0075
25.03.2021 08:10:30.857 GMT-0000,3342.221,3332.697,0.02,0.02
25.03.2021 08:10:52.862 GMT-0000,3338.467,3332.82,0.0075,0.0075
25.03.2021 08:10:52.913 GMT-0000,3340.508,3330.656,0.02,0.02
25.03.2021 08:10:54.229 GMT-0000,3339.1800000000003,3330.697,0.0075,0.02
25.03.2021 08:10:54.329 GMT-0000,3339.1800000000003,3330,0.02,0.02
25.03.2021 08:10:54.397 GMT-0000,3337.221,3329.697,0.0075,0.02
25.03.2021 08:10:56.172 GMT-0000,3337.426,3330.697,0.02,0.02
25.03.2021 08:10:56.472 GMT-0000,3338.385,3330.6150000000002,0.02,0.02
25.03.2021 08:11:05.214 GMT-0000,3338.467,3331.738,0.02,0.02
25.03.2021 08:11:05.376 GMT-0000,3339.5490000000004,3332.6150000000002,0.02,0.02
25.03.2021 08:11:13.912 GMT-0000,3339.426,3331.656,0.02,0.02
25.03.2021 08:11:13.963 GMT-0000,3339.3440000000005,3333,0.02,0.02
25.03.2021 08:11:14.013 GMT-0000,3339.1800000000003,3330.82,0.02,0.02
25.03.2021 08:11:20.393 GMT-0000,3339.467,3332.533,0.02,0.0075
25.03.2021 08:11:20.742 GMT-0000,3340.303,3332.656,0.02,0.02
25.03.2021 08:11:29.248 GMT-0000,3349.5490000000004,3339,0.02,0.02
25.03.2021 08:11:29.392 GMT-0000,3346.385,3338.7790000000005,0.0075,0.02
25.03.2021 08:11:40.422 GMT-0000,3347,3338.492,0.02,0.02
25.03.2021 08:11:41.312 GMT-0000,3347.303,3341.492,0.02,0.02
25.03.2021 08:11:41.797 GMT-0000,3348.221,3341.533,0.02,0.02
25.03.2021 08:11:41.933 GMT-0000,3349.221,3341.82,0.02,0.02
25.03.2021 08:11:50.258 GMT-0000,3349.262,3339.5740000000005,0.02,0.02
25.03.2021 08:11:55.345 GMT-0000,3349.426,3341.6150000000002,0.0075,0.0075
25.03.2021 08:11:55.395 GMT-0000,3350.5490000000004,3341.6150000000002,0.02,0.02
25.03.2021 08:11:59.236 GMT-0000,3350,3342.5740000000005,0.02,0.02
25.03.2021 08:12:17.372 GMT-0000,3354.262,3344.697,0.02,0.02
25.03.2021 08:12:17.423 GMT-0000,3353.303,3342.533,0.02,0.02
25.03.2021 08:12:17.473 GMT-0000,3352.303,3342.656,0.02,0.02
25.03.2021 08:12:18.398 GMT-0000,3348.1800000000003,3342.697,0.0075,0.02
25.03.2021 08:12:18.449 GMT-0000,3348.1800000000003,3341,0.02,0.02
25.03.2021 08:12:18.685 GMT-0000,3348.508,3343.451,0.02,0.0075
25.03.2021 08:12:21.599 GMT-0000,3348.3440000000005,3338.7790000000005,0.02,0.02
25.03.2021 08:12:36.417 GMT-0000,3348,3341.697,0.02,0.0075
25.03.2021 08:12:37.728 GMT-0000,3349.1800000000003,3341.533,0.02,0.02
25.03.2021 08:12:37.838 GMT-0000,3350.385,3341.656,0.02,0.02
25.03.2021 08:12:50.797 GMT-0000,3349.221,3341.697,0.0075,0.02
25.03.2021 08:12:53.859 GMT-0000,3350,3341.5740000000005,0.02,0.02
25.03.2021 08:13:25.399 GMT-0000,3350.508,3345.697,0.02,0.02
25.03.2021 08:13:25.508 GMT-0000,3352.508,3345.6150000000002,0.02,0.02
25.03.2021 08:13:43.222 GMT-0000,3353.1800000000003,3345.492,0.02,0.02
25.03.2021 08:13:43.323 GMT-0000,3354.3440000000005,3345.697,0.02,0.02
25.03.2021 08:13:44.361 GMT-0000,3356.467,3346.533,0.02,0.02
25.03.2021 08:13:44.721 GMT-0000,3356.262,3348.451,0.02,0.0075
25.03.2021 08:13:45.426 GMT-0000,3358.467,3347.656,0.02,0.02
25.03.2021 08:13:48.772 GMT-0000,3358.262,3348.6150000000002,0.02,0.0075
25.03.2021 08:13:57.743 GMT-0000,3358.385,3350.451,0.02,0.0075
25.03.2021 08:13:57.844 GMT-0000,3360.221,3351.5740000000005,0.02,0.02
25.03.2021 08:14:13.608 GMT-0000,3359.508,3351.6150000000002,0.02,0.02
25.03.2021 08:14:44.465 GMT-0000,3358.1800000000003,3351.533,0.0075,0.02
25.03.2021 08:14:44.516 GMT-0000,3359.3440000000005,3351.533,0.02,0.02
25.03.2021 08:14:46.206 GMT-0000,3359.5490000000004,3353,0.02,0.0075
25.03.2021 08:14:49.176 GMT-0000,3359,3353.697,0.02,0.02
25.03.2021 08:14:49.277 GMT-0000,3357.303,3349.6150000000002,0.02,0.02
25.03.2021 08:14:49.327 GMT-0000,3354.508,3349.738,0.02,0.02
25.03.2021 08:14:50.182 GMT-0000,3354,3348.6150000000002,0.02,0.02
25.03.2021 08:14:57.034 GMT-0000,3354.385,3348,0.02,0.02
25.03.2021 08:14:58.592 GMT-0000,3353.1800000000003,3347.656,0.0075,0.02
25.03.2021 08:15:00.040 GMT-0000,3355.262,3347.5740000000005,0.02,0.02
25.03.2021 08:15:00.090 GMT-0000,3358.303,3352,0.02,0.02
25.03.2021 08:15:00.197 GMT-0000,3361.467,3350.492,0.02,0.02
25.03.2021 08:15:00.563 GMT-0000,3358.262,3351,0.0075,0.02
25.03.2021 08:15:08.676 GMT-0000,3358.221,3352.82,0.02,0.0075
25.03.2021 08:15:08.826 GMT-0000,3358.508,3351.656,0.02,0.02
25.03.2021 08:15:23.642 GMT-0000,3357.467,3350.6150000000002,0.02,0.02
25.03.2021 08:15:23.693 GMT-0000,3358.508,3350.738,0.02,0.02
25.03.2021 08:15:26.648 GMT-0000,3358.385,3352.7790000000005,0.02,0.0075
25.03.2021 08:15:27.676 GMT-0000,3358.467,3351.6150000000002,0.02,0.02
25.03.2021 08:15:38.692 GMT-0000,3358.3440000000005,3353.656,0.0075,0.0075
25.03.2021 08:15:38.742 GMT-0000,3361.5490000000004,3353.82,0.02,0.02
25.03.2021 08:15:39.597 GMT-0000,3362.426,3353.82,0.02,0.02
25.03.2021 08:15:40.081 GMT-0000,3359.385,3353.451,0.0075,0.0075
25.03.2021 08:15:40.131 GMT-0000,3359.221,3351.5740000000005,0.02,0.02
25.03.2021 08:15:42.841 GMT-0000,3357.385,3351.533,0.0075,0.0075
25.03.2021 08:15:42.891 GMT-0000,3357.467,3348.451,0.02,0.02
25.03.2021 08:15:42.949 GMT-0000,3357.1800000000003,3352.5740000000005,0.02,0.0075
25.03.2021 08:15:43.656 GMT-0000,3358.385,3352.451,0.02,0.02
25.03.2021 08:15:45.295 GMT-0000,3358.385,3353.7790000000005,0.0075,0.0075
25.03.2021 08:15:45.345 GMT-0000,3360.508,3353.533,0.02,0.02
25.03.2021 08:15:45.468 GMT-0000,3360,3353,0.02,0.02
25.03.2021 08:15:53.337 GMT-0000,3359.426,3351.7790000000005,0.02,0.02
25.03.2021 08:15:53.468 GMT-0000,3360.426,3353.656,0.02,0.02
25.03.2021 08:15:53.569 GMT-0000,3359.303,3354,0.02,0.02
25.03.2021 08:15:53.619 GMT-0000,3360.5490000000004,3352.738,0.02,0.02
25.03.2021 08:15:53.827 GMT-0000,3362.508,3354.451,0.02,0.02
25.03.2021 08:15:53.928 GMT-0000,3361.303,3354.82,0.02,0.02
25.03.2021 08:15:54.038 GMT-0000,3361.262,3353.82,0.02,0.02
25.03.2021 08:16:00.131 GMT-0000,3359.508,3353.492,0.0075,0.0075
25.03.2021 08:16:00.181 GMT-0000,3359.303,3350.656,0.02,0.02
25.03.2021 08:16:01.475 GMT-0000,3359.385,3352.7790000000005,0.0075,0.0075
25.03.2021 08:16:01.525 GMT-0000,3360.221,3352.7790000000005,0.02,0.02
25.03.2021 08:16:03.674 GMT-0000,3357.426,3352.7790000000005,0.0075,0.0075
25.03.2021 08:16:03.724 GMT-0000,3356.221,3349.738,0.02,0.02
25.03.2021 08:16:04.032 GMT-0000,3356.467,3348.6150000000002,0.02,0.02
25.03.2021 08:16:04.397 GMT-0000,3356.262,3349.656,0.02,0.0075
25.03.2021 08:16:10.109 GMT-0000,3356.467,3350.533,0.02,0.0075
25.03.2021 08:16:10.212 GMT-0000,3355.262,3351,0.0075,0.0075
25.03.2021 08:16:10.263 GMT-0000,3355.426,3349,0.02,0.02
25.03.2021 08:16:10.313 GMT-0000,3354.385,3348.656,0.02,0.02
25.03.2021 08:16:14.891 GMT-0000,3354.5490000000004,3347.533,0.02,0.02
25.03.2021 08:16:24.073 GMT-0000,3354,3346.451,0.02,0.02
25.03.2021 08:16:24.184 GMT-0000,3354.5490000000004,3347.6150000000002,0.02,0.02
25.03.2021 08:16:24.723 GMT-0000,3353.262,3348.697,0.02,0.02
25.03.2021 08:16:26.401 GMT-0000,3353.508,3347.6150000000002,0.02,0.02
25.03.2021 08:16:27.230 GMT-0000,3354.303,3348,0.02,0.02
25.03.2021 08:16:29.035 GMT-0000,3353.303,3347.5740000000005,0.0075,0.0075
25.03.2021 08:16:29.086 GMT-0000,3353.467,3346.697,0.02,0.02
25.03.2021 08:16:40.196 GMT-0000,3353.467,3348.656,0.02,0.0075
25.03.2021 08:16:40.246 GMT-0000,3356.221,3349.533,0.02,0.02
25.03.2021 08:16:40.366 GMT-0000,3356.303,3349,0.02,0.02
25.03.2021 08:16:42.214 GMT-0000,3354.1800000000003,3348.738,0.02,0.02
25.03.2021 08:16:42.681 GMT-0000,3353.221,3348.82,0.0075,0.0075
25.03.2021 08:16:42.732 GMT-0000,3353.467,3347.5740000000005,0.02,0.02
25.03.2021 08:16:48.663 GMT-0000,3353.426,3348.82,0.02,0.0075
25.03.2021 08:16:50.194 GMT-0000,3354.303,3347.697,0.02,0.02
25.03.2021 08:16:55.658 GMT-0000,3353.426,3347,0.02,0.02
25.03.2021 08:16:55.791 GMT-0000,3353.385,3347.656,0.02,0.0075
25.03.2021 08:17:02.148 GMT-0000,3355,3349.738,0.02,0.02
25.03.2021 08:17:02.198 GMT-0000,3356.5490000000004,3349.5740000000005,0.02,0.02
25.03.2021 08:17:07.018 GMT-0000,3358.426,3349.5740000000005,0.02,0.02
25.03.2021 08:17:07.106 GMT-0000,3358.262,3351.492,0.02,0.0075
25.03.2021 08:17:07.621 GMT-0000,3356.385,3352,0.0075,0.0075
25.03.2021 08:17:07.672 GMT-0000,3356.426,3350.697,0.02,0.02
25.03.2021 08:17:07.851 GMT-0000,3356.5490000000004,3349.6150000000002,0.02,0.02
25.03.2021 08:17:08.034 GMT-0000,3356.221,3350.697,0.02,0.02
25.03.2021 08:17:08.733 GMT-0000,3356.1800000000003,3351.451,0.02,0.0075
25.03.2021 08:17:35.772 GMT-0000,3356.1800000000003,3355.5,0.0075,0.0075
25.03.2021 08:17:35.823 GMT-0000,3358.5490000000004,3355.533,0.02,0.02
25.03.2021 08:17:36.624 GMT-0000,3360,3355.656,0.02,0.02
25.03.2021 08:17:38.925 GMT-0000,3357.467,3351.533,0.02,0.02
25.03.2021 08:17:47.384 GMT-0000,3357,3352.533,0.0075,0.0075
25.03.2021 08:17:47.434 GMT-0000,3360.508,3352.82,0.02,0.02
25.03.2021 08:17:48.297 GMT-0000,3360.5490000000004,3355.6150000000002,0.02,0.0075
25.03.2021 08:17:49.432 GMT-0000,3361.262,3356,0.02,0.02
25.03.2021 08:17:51.572 GMT-0000,3365.221,3355.7790000000005,0.02,0.02
25.03.2021 08:18:01.301 GMT-0000,3367.262,3355.7790000000005,0.02,0.02
25.03.2021 08:18:05.856 GMT-0000,3366.3440000000005,3355.492,0.0075,0.02
25.03.2021 08:18:08.646 GMT-0000,3367,3355.697,0.02,0.02
25.03.2021 08:18:27.784 GMT-0000,3364.426,3355.82,0.0075,0.02
25.03.2021 08:18:33.517 GMT-0000,3364.3440000000005,3353.656,0.02,0.02
25.03.2021 08:18:33.567 GMT-0000,3363.467,3353.5740000000005,0.02,0.02
25.03.2021 08:18:34.439 GMT-0000,3363.303,3355.451,0.0075,0.0075
25.03.2021 08:18:34.489 GMT-0000,3364.1800000000003,3355.492,0.02,0.02
25.03.2021 08:18:58.679 GMT-0000,3364.467,3357.533,0.02,0.0075
25.03.2021 08:19:46.572 GMT-0000,3363.262,3357.451,0.02,0.02
25.03.2021 08:19:53.989 GMT-0000,3363.262,3358.492,0.02,0.0075
25.03.2021 08:20:04.661 GMT-0000,3363.262,3359.492,0.0075,0.0075
25.03.2021 08:20:04.712 GMT-0000,3364.5490000000004,3359.5740000000005,0.02,0.02
25.03.2021 08:20:24.060 GMT-0000,3364.467,3360.82,0.02,0.02
25.03.2021 08:20:29.626 GMT-0000,3367.3440000000005,3360.5740000000005,0.02,0.02
25.03.2021 08:20:29.993 GMT-0000,3366.467,3361,0.02,0.02
25.03.2021 08:20:30.114 GMT-0000,3367.508,3361,0.02,0.02
25.03.2021 08:20:35.137 GMT-0000,3369.1800000000003,3360.492,0.02,0.02
25.03.2021 08:20:35.187 GMT-0000,3369.303,3361.7790000000005,0.02,0.02
25.03.2021 08:20:36.401 GMT-0000,3367.508,3360.492,0.02,0.02
25.03.2021 08:20:36.451 GMT-0000,3368,3360.5740000000005,0.02,0.02
25.03.2021 08:20:36.521 GMT-0000,3366.467,3361,0.0075,0.02
25.03.2021 08:20:36.622 GMT-0000,3365.385,3360.656,0.02,0.02
25.03.2021 08:20:36.942 GMT-0000,3368.3440000000005,3360.656,0.02,0.02
25.03.2021 08:20:37.078 GMT-0000,3369.303,3360.7790000000005,0.02,0.02
25.03.2021 08:20:38.105 GMT-0000,3366.3440000000005,3360.656,0.0075,0.02
25.03.2021 08:20:39.087 GMT-0000,3365.467,3360.7790000000005,0.0075,0.02
25.03.2021 08:20:58.138 GMT-0000,3362.221,3360.451,0.0075,0.0075
25.03.2021 08:20:58.189 GMT-0000,3362.508,3357.451,0.02,0.02
25.03.2021 08:21:14.185 GMT-0000,3361.426,3357.82,0.0075,0.02
25.03.2021 08:21:14.434 GMT-0000,3362.426,3357.656,0.02,0.02
25.03.2021 08:21:15.422 GMT-0000,3363.262,3357.7790000000005,0.02,0.02
25.03.2021 08:21:16.889 GMT-0000,3361.467,3357.697,0.0075,0.02
25.03.2021 08:21:16.940 GMT-0000,3363,3357.533,0.02,0.02
25.03.2021 08:21:28.388 GMT-0000,3361.5490000000004,3357.492,0.0075,0.02
25.03.2021 08:21:33.408 GMT-0000,3359.385,3357.492,0.0075,0.02
25.03.2021 08:21:43.813 GMT-0000,3358.262,3349.5740000000005,0.02,0.02
25.03.2021 08:21:44.436 GMT-0000,3357.3440000000005,3349.451,0.02,0.02
25.03.2021 08:21:44.879 GMT-0000,3357.5490000000004,3347.697,0.02,0.02
25.03.2021 08:21:45.372 GMT-0000,3357.5490000000004,3349.492,0.02,0.0075
25.03.2021 08:21:49.038 GMT-0000,3356.426,3349.451,0.0075,0.02
25.03.2021 08:21:49.263 GMT-0000,3357.262,3349.5740000000005,0.02,0.02
25.03.2021 08:22:01.575 GMT-0000,3356.5490000000004,3349.6150000000002,0.02,0.02
25.03.2021 08:22:02.431 GMT-0000,3354.385,3349.492,0.0075,0.02
25.03.2021 08:22:46.493 GMT-0000,3353.508,3350,0.02,0.02
25.03.2021 08:22:46.652 GMT-0000,3354.385,3349.533,0.02,0.02
25.03.2021 08:23:05.893 GMT-0000,3353.3440000000005,3349.451,0.0075,0.02
25.03.2021 08:23:10.233 GMT-0000,3355.467,3349.738,0.02,0.02
25.03.2021 08:23:10.594 GMT-0000,3356.467,3349.492,0.02,0.02
25.03.2021 08:23:15.912 GMT-0000,3353.221,3349.7790000000005,0.02,0.02
25.03.2021 08:23:19.649 GMT-0000,3353.467,3346.738,0.02,0.02
25.03.2021 08:23:20.685 GMT-0000,3355.426,3346.492,0.02,0.02
25.03.2021 08:23:24.103 GMT-0000,3353.426,3346.7790000000005,0.02,0.02
25.03.2021 08:23:30.694 GMT-0000,3352.508,3346.656,0.0075,0.0075
25.03.2021 08:23:30.744 GMT-0000,3352,3343.6150000000002,0.02,0.02
25.03.2021 08:23:30.844 GMT-0000,3351.467,3345.451,0.02,0.02
25.03.2021 08:23:30.895 GMT-0000,3352.508,3346,0.02,0.02
25.03.2021 08:23:31.495 GMT-0000,3352.1800000000003,3346.451,0.0075,0.0075
25.03.2021 08:23:31.546 GMT-0000,3353.5490000000004,3346.656,0.02,0.02
25.03.2021 08:23:31.877 GMT-0000,3354.508,3347.533,0.02,0.02
25.03.2021 08:23:33.455 GMT-0000,3353.508,3347.533,0.0075,0.02
25.03.2021 08:23:40.052 GMT-0000,3353.508,3348.697,0.02,0.0075
25.03.2021 08:23:40.205 GMT-0000,3353.5490000000004,3347.738,0.02,0.02
25.03.2021 08:23:45.184 GMT-0000,3352.3440000000005,3347.451,0.0075,0.02
25.03.2021 08:23:45.284 GMT-0000,3353.426,3347.533,0.02,0.02
25.03.2021 08:23:47.911 GMT-0000,3353.1800000000003,3348.5740000000005,0.02,0.0075
25.03.2021 08:23:48.022 GMT-0000,3352.262,3348.533,0.02,0.0075
25.03.2021 08:23:48.072 GMT-0000,3352,3347.656,0.02,0.02
25.03.2021 08:23:54.705 GMT-0000,3354.221,3347.738,0.02,0.02
25.03.2021 08:23:54.839 GMT-0000,3352.221,3347.533,0.0075,0.0075
25.03.2021 08:23:54.890 GMT-0000,3352.5490000000004,3346,0.02,0.02
25.03.2021 08:23:56.927 GMT-0000,3352.467,3346.451,0.0075,0.0075
25.03.2021 08:23:56.978 GMT-0000,3354.385,3346.533,0.02,0.02
25.03.2021 08:23:57.028 GMT-0000,3351,3347,0.02,0.02
25.03.2021 08:24:00.754 GMT-0000,3351.1800000000003,3345.82,0.02,0.02
25.03.2021 08:24:10.293 GMT-0000,3352.508,3345.451,0.02,0.02
25.03.2021 08:24:10.800 GMT-0000,3352.467,3347,0.0075,0.0075
25.03.2021 08:24:10.850 GMT-0000,3354.1800000000003,3346.6150000000002,0.02,0.02
25.03.2021 08:24:10.988 GMT-0000,3351.303,3346.5740000000005,0.0075,0.0075
25.03.2021 08:24:11.038 GMT-0000,3352.467,3345.7790000000005,0.02,0.02
25.03.2021 08:24:14.432 GMT-0000,3351.467,3346.492,0.02,0.02
25.03.2021 08:24:14.600 GMT-0000,3351.262,3347.82,0.02,0.0075
25.03.2021 08:24:14.701 GMT-0000,3351.303,3346.533,0.02,0.02
25.03.2021 08:24:15.127 GMT-0000,3351.508,3348,0.02,0.0075
25.03.2021 08:24:15.177 GMT-0000,3356.426,3348.7790000000005,0.02,0.02
25.03.2021 08:24:15.313 GMT-0000,3355.5490000000004,3348.82,0.02,0.02
25.03.2021 08:24:15.584 GMT-0000,3354.426,3348.697,0.02,0.02
25.03.2021 08:24:15.833 GMT-0000,3354.426,3349.492,0.02,0.0075
25.03.2021 08:24:27.683 GMT-0000,3353.467,3349.533,0.0075,0.02
25.03.2021 08:24:35.120 GMT-0000,3352.426,3349.7790000000005,0.02,0.02
25.03.2021 08:24:43.865 GMT-0000,3354.1800000000003,3350,0.02,0.02
25.03.2021 08:24:45.843 GMT-0000,3353.221,3350,0.0075,0.02
25.03.2021 08:24:46.745 GMT-0000,3352.262,3350,0.0075,0.02
25.03.2021 08:25:00.572 GMT-0000,3352.262,3350.5740000000005,0.0075,0.0075
25.03.2021 08:25:00.622 GMT-0000,3356.303,3349.7790000000005,0.02,0.02
25.03.2021 08:25:00.673 GMT-0000,3355.262,3350.656,0.02,0.02
25.03.2021 08:25:00.723 GMT-0000,3356.221,3349.451,0.02,0.02
25.03.2021 08:25:05.172 GMT-0000,3356.262,3351.6150000000002,0.02,0.0075
25.03.2021 08:25:11.812 GMT-0000,3354.303,3351.451,0.0075,0.02
25.03.2021 08:25:11.863 GMT-0000,3356.1800000000003,3352,0.02,0.02
25.03.2021 08:25:17.316 GMT-0000,3357.385,3351.82,0.02,0.02
25.03.2021 08:25:19.188 GMT-0000,3356.5490000000004,3351.451,0.02,0.02
25.03.2021 08:25:23.824 GMT-0000,3357.1800000000003,3351.451,0.02,0.02
25.03.2021 08:25:24.672 GMT-0000,3358.5490000000004,3352,0.02,0.02
25.03.2021 08:25:24.816 GMT-0000,3357.221,3351.5740000000005,0.0075,0.02
25.03.2021 08:25:31.647 GMT-0000,3358.221,3351.697,0.02,0.02
25.03.2021 08:25:32.865 GMT-0000,3357.303,3351.7790000000005,0.0075,0.02
25.03.2021 08:25:33.193 GMT-0000,3358.467,3353.492,0.02,0.02
25.03.2021 08:25:35.627 GMT-0000,3357.262,3353.492,0.0075,0.02
25.03.2021 08:25:35.941 GMT-0000,3358.385,3353.533,0.02,0.02
25.03.2021 08:25:35.992 GMT-0000,3357.262,3353.451,0.0075,0.02
25.03.2021 08:25:47.223 GMT-0000,3356.385,3348.492,0.02,0.02
25.03.2021 08:25:47.285 GMT-0000,3355.262,3348.738,0.0075,0.0075
25.03.2021 08:25:47.336 GMT-0000,3355.262,3347.451,0.02,0.02
25.03.2021 08:25:47.448 GMT-0000,3353.221,3347.656,0.0075,0.02
25.03.2021 08:26:03.712 GMT-0000,3353.426,3348.492,0.02,0.02
25.03.2021 08:26:03.763 GMT-0000,3353.3440000000005,3348,0.02,0.02
25.03.2021 08:26:03.821 GMT-0000,3353.1800000000003,3348.6150000000002,0.02,0.0075
25.03.2021 08:26:04.797 GMT-0000,3353.385,3347.492,0.02,0.02
25.03.2021 08:26:35.124 GMT-0000,3353.3440000000005,3348.6150000000002,0.02,0.0075
25.03.2021 08:26:38.898 GMT-0000,3353.3440000000005,3350,0.02,0.0075
25.03.2021 08:26:38.999 GMT-0000,3357.221,3354.656,0.02,0.02
25.03.2021 08:26:39.239 GMT-0000,3358.262,3355,0.02,0.02
25.03.2021 08:26:39.500 GMT-0000,3360.3440000000005,3354.6150000000002,0.02,0.02
25.03.2021 08:26:39.664 GMT-0000,3360,3352.697,0.02,0.02
25.03.2021 08:26:40.931 GMT-0000,3358.426,3352.5740000000005,0.0075,0.02
25.03.2021 08:26:41.937 GMT-0000,3358.508,3353.656,0.02,0.02
25.03.2021 08:26:44.016 GMT-0000,3357,3353.697,0.02,0.02
25.03.2021 08:26:47.279 GMT-0000,3357.467,3354.7790000000005,0.02,0.02
25.03.2021 08:26:49.022 GMT-0000,3357.426,3353.533,0.02,0.02
25.03.2021 08:26:49.073 GMT-0000,3357.262,3354.5740000000005,0.02,0.02
25.03.2021 08:26:49.123 GMT-0000,3357.385,3353.492,0.02,0.02
25.03.2021 08:26:56.650 GMT-0000,3356.508,3353.492,0.0075,0.02
25.03.2021 08:26:56.751 GMT-0000,3356.467,3350.7790000000005,0.02,0.02
25.03.2021 08:26:56.851 GMT-0000,3355.303,3348.697,0.02,0.02
25.03.2021 08:26:56.901 GMT-0000,3354.5490000000004,3348.7790000000005,0.02,0.02
25.03.2021 08:27:01.427 GMT-0000,3354.5490000000004,3350.656,0.02,0.0075
25.03.2021 08:27:03.603 GMT-0000,3354.1800000000003,3349,0.02,0.02
25.03.2021 08:27:04.845 GMT-0000,3354.303,3349.6150000000002,0.02,0.0075
25.03.2021 08:27:04.945 GMT-0000,3355.1800000000003,3349.738,0.02,0.02
25.03.2021 08:27:06.201 GMT-0000,3355,3351.697,0.0075,0.0075
25.03.2021 08:27:06.252 GMT-0000,3357.426,3351.656,0.02,0.02
25.03.2021 08:27:06.360 GMT-0000,3357.303,3350.533,0.02,0.02
25.03.2021 08:27:06.700 GMT-0000,3359.426,3352,0.02,0.02
25.03.2021 08:27:06.800 GMT-0000,3359,3350.697,0.02,0.02
25.03.2021 08:27:07.023 GMT-0000,3356.221,3350.82,0.0075,0.02
25.03.2021 08:27:12.479 GMT-0000,3356.508,3352.533,0.02,0.0075
25.03.2021 08:27:14.908 GMT-0000,3355.3440000000005,3352.738,0.0075,0.02
25.03.2021 08:27:23.038 GMT-0000,3357.1800000000003,3352.82,0.02,0.02
25.03.2021 08:27:26.580 GMT-0000,3355.262,3352.656,0.0075,0.02
25.03.2021 08:27:44.668 GMT-0000,3354.5490000000004,3352.533,0.02,0.02
25.03.2021 08:27:44.830 GMT-0000,3357,3352.6150000000002,0.02,0.02
25.03.2021 08:27:47.454 GMT-0000,3359,3353.697,0.02,0.02
25.03.2021 08:27:48.028 GMT-0000,3357.467,3353.6150000000002,0.0075,0.0075
25.03.2021 08:27:48.078 GMT-0000,3357.1800000000003,3352.6150000000002,0.02,0.02
25.03.2021 08:28:04.920 GMT-0000,3359.508,3353.492,0.02,0.02
25.03.2021 08:28:06.818 GMT-0000,3359.262,3352.656,0.02,0.02
25.03.2021 08:28:12.568 GMT-0000,3359.5490000000004,3356,0.02,0.0075
25.03.2021 08:28:33.579 GMT-0000,3362.426,3356,0.02,0.02
25.03.2021 08:28:33.629 GMT-0000,3361.508,3356,0.02,0.02
25.03.2021 08:28:33.815 GMT-0000,3360.426,3355.492,0.02,0.02
25.03.2021 08:28:34.872 GMT-0000,3359.262,3355.451,0.02,0.02
25.03.2021 08:29:27.858 GMT-0000,3360.1800000000003,3355.6150000000002,0.02,0.02
25.03.2021 08:29:27.925 GMT-0000,3361,3355.656,0.02,0.02
25.03.2021 08:29:29.891 GMT-0000,3360.508,3355.656,0.0075,0.02
25.03.2021 08:29:32.288 GMT-0000,3358.426,3355.82,0.0075,0.0075
25.03.2021 08:29:32.338 GMT-0000,3358.1800000000003,3353.451,0.02,0.02
25.03.2021 08:29:32.470 GMT-0000,3359.3440000000005,3353.451,0.02,0.02
25.03.2021 08:29:37.019 GMT-0000,3359.426,3354.697,0.02,0.0075
25.03.2021 08:29:55.056 GMT-0000,3358.3440000000005,3355,0.0075,0.02
25.03.2021 08:29:55.157 GMT-0000,3357.303,3354.7790000000005,0.02,0.02
25.03.2021 08:29:55.742 GMT-0000,3359.303,3355,0.02,0.02
25.03.2021 08:29:57.096 GMT-0000,3360.426,3354.492,0.02,0.02
25.03.2021 08:29:58.285 GMT-0000,3359.5490000000004,3354.7790000000005,0.0075,0.02
25.03.2021 08:29:58.386 GMT-0000,3358.467,3354.533,0.0075,0.02
25.03.2021 08:29:58.622 GMT-0000,3357.262,3354.656,0.0075,0.02
25.03.2021 08:29:59.102 GMT-0000,3357.426,3351.7790000000005,0.02,0.02
25.03.2021 08:30:00.064 GMT-0000,3357.426,3352.6150000000002,0.02,0.0075
25.03.2021 08:30:05.122 GMT-0000,3358.5490000000004,3352.738,0.02,0.02
25.03.2021 08:30:11.460 GMT-0000,3358.221,3353.451,0.02,0.02
25.03.2021 08:30:11.584 GMT-0000,3358.426,3352.656,0.02,0.02
25.03.2021 08:30:23.513 GMT-0000,3357.221,3353,0.02,0.02
25.03.2021 08:30:45.980 GMT-0000,3357.385,3353.533,0.02,0.0075
25.03.2021 08:30:46.081 GMT-0000,3357.1800000000003,3352.656,0.02,0.02
25.03.2021 08:31:25.053 GMT-0000,3356.508,3352.656,0.0075,0.02
25.03.2021 08:31:25.153 GMT-0000,3357.426,3352.6150000000002,0.02,0.02
25.03.2021 08:31:27.307 GMT-0000,3356.221,3352.5740000000005,0.02,0.02
25.03.2021 08:31:28.522 GMT-0000,3357.426,3352.82,0.02,0.02
25.03.2021 08:31:38.051 GMT-0000,3357.303,3353.451,0.02,0.0075
25.03.2021 08:31:50.703 GMT-0000,3358.1800000000003,3353.738,0.02,0.02
25.03.2021 08:31:52.240 GMT-0000,3357.426,3353.533,0.02,0.02
25.03.2021 08:31:52.712 GMT-0000,3358.426,3354,0.02,0.02
25.03.2021 08:31:59.632 GMT-0000,3357.303,3353.738,0.0075,0.02
25.03.2021 08:32:01.450 GMT-0000,3357.385,3351.6150000000002,0.02,0.02
25.03.2021 08:32:11.613 GMT-0000,3357.467,3352.738,0.02,0.02
25.03.2021 08:32:16.077 GMT-0000,3357,3351.533,0.02,0.02
25.03.2021 08:32:22.052 GMT-0000,3356.467,3351.451,0.0075,0.02
25.03.2021 08:32:26.780 GMT-0000,3356.303,3352.5740000000005,0.02,0.0075
25.03.2021 08:32:26.831 GMT-0000,3360.3440000000005,3356.5740000000005,0.02,0.02
25.03.2021 08:32:26.881 GMT-0000,3361.426,3356.7790000000005,0.02,0.02
25.03.2021 08:32:27.555 GMT-0000,3360.1800000000003,3356.82,0.0075,0.0075
25.03.2021 08:32:27.605 GMT-0000,3360.1800000000003,3353.533,0.02,0.02
25.03.2021 08:32:38.749 GMT-0000,3359.467,3352.451,0.02,0.02
25.03.2021 08:32:41.913 GMT-0000,3359.3440000000005,3353.7790000000005,0.02,0.02
25.03.2021 08:32:47.671 GMT-0000,3358.467,3353.738,0.02,0.02
25.03.2021 08:32:47.722 GMT-0000,3358,3352.5740000000005,0.02,0.02
25.03.2021 08:33:00.584 GMT-0000,3359.467,3352.451,0.02,0.02
25.03.2021 08:33:00.635 GMT-0000,3359.221,3353.6150000000002,0.02,0.02
25.03.2021 08:33:00.685 GMT-0000,3359.221,3352.738,0.02,0.02
25.03.2021 08:33:00.776 GMT-0000,3359.5490000000004,3353.697,0.02,0.0075
25.03.2021 08:33:06.652 GMT-0000,3359.1800000000003,3354.697,0.02,0.02
25.03.2021 08:33:06.702 GMT-0000,3361.262,3353.738,0.02,0.02
25.03.2021 08:33:08.848 GMT-0000,3360.303,3353.492,0.0075,0.02
25.03.2021 08:33:12.053 GMT-0000,3361.262,3354,0.02,0.02
25.03.2021 08:33:13.111 GMT-0000,3360.303,3353.82,0.0075,0.02
25.03.2021 08:33:21.520 GMT-0000,3359.221,3354,0.0075,0.02
25.03.2021 08:33:22.365 GMT-0000,3359.221,3355.533,0.02,0.02
25.03.2021 08:33:22.415 GMT-0000,3359.221,3353.738,0.02,0.02
25.03.2021 08:33:23.325 GMT-0000,3359.385,3353,0.02,0.02
25.03.2021 08:33:24.856 GMT-0000,3359.262,3353.656,0.02,0.0075
25.03.2021 08:33:25.238 GMT-0000,3359.1800000000003,3352.697,0.02,0.02
25.03.2021 08:33:25.648 GMT-0000,3359.1800000000003,3353.5740000000005,0.02,0.0075
25.03.2021 08:33:27.020 GMT-0000,3359.467,3352.7790000000005,0.02,0.02
25.03.2021 08:33:29.309 GMT-0000,3360.385,3352.82,0.02,0.02
25.03.2021 08:33:29.485 GMT-0000,3359.1800000000003,3352.6150000000002,0.0075,0.02
25.03.2021 08:33:36.018 GMT-0000,3359,3353.697,0.0075,0.0075
25.03.2021 08:33:39.368 GMT-0000,3360.303,3354.5740000000005,0.0075,0.02
25.03.2021 08:33:39.418 GMT-0000,3361.426,3354.7790000000005,0.02,0.02
25.03.2021 08:33:40.111 GMT-0000,3360,3354.5740000000005,0.0075,0.02
25.03.2021 08:33:40.212 GMT-0000,3360.221,3353.697,0.02,0.02
25.03.2021 08:33:47.866 GMT-0000,3360.385,3355.5740000000005,0.02,0.0075
25.03.2021 08:33:48.019 GMT-0000,3360.221,3353.533,0.02,0.02
25.03.2021 08:33:54.533 GMT-0000,3359.3440000000005,3354,0.02,0.02
25.03.2021 08:34:02.422 GMT-0000,3359.467,3353,0.02,0.02
25.03.2021 08:34:09.340 GMT-0000,3359.221,3353.738,0.02,0.0075
25.03.2021 08:34:11.825 GMT-0000,3359,3352.738,0.02,0.02
25.03.2021 08:34:13.231 GMT-0000,3359.221,3353.738,0.02,0.02
25.03.2021 08:34:19.832 GMT-0000,3359.426,3352.451,0.02,0.02
25.03.2021 08:34:20.283 GMT-0000,3360.262,3354.82,0.02,0.02
25.03.2021 08:34:20.386 GMT-0000,3359.303,3354.5740000000005,0.0075,0.0075
25.03.2021 08:34:20.437 GMT-0000,3359.5490000000004,3353.697,0.02,0.02
25.03.2021 08:34:29.308 GMT-0000,3360.385,3353.82,0.02,0.02
25.03.2021 08:34:37.779 GMT-0000,3358.5490000000004,3352.533,0.02,0.02
25.03.2021 08:34:37.829 GMT-0000,3358.508,3351.5740000000005,0.02,0.02
25.03.2021 08:34:40.904 GMT-0000,3358.303,3353.697,0.02,0.02
25.03.2021 08:34:41.015 GMT-0000,3358.467,3351.7790000000005,0.02,0.02
25.03.2021 08:34:46.972 GMT-0000,3357.385,3351.5740000000005,0.0075,0.02
25.03.2021 08:34:51.461 GMT-0000,3357.5490000000004,3353.5740000000005,0.02,0.0075
25.03.2021 08:34:51.562 GMT-0000,3357,3352.492,0.02,0.02
25.03.2021 08:34:51.670 GMT-0000,3357.385,3352,0.02,0.02
25.03.2021 08:34:59.448 GMT-0000,3357.5490000000004,3352.533,0.02,0.0075
25.03.2021 08:35:00.218 GMT-0000,3357.3440000000005,3351.656,0.02,0.02
25.03.2021 08:35:09.572 GMT-0000,3357.262,3353.5740000000005,0.02,0.0075
25.03.2021 08:35:10.374 GMT-0000,3357.467,3351.533,0.02,0.02
25.03.2021 08:35:12.439 GMT-0000,3357.508,3352.7790000000005,0.02,0.0075
25.03.2021 08:35:12.489 GMT-0000,3357,3351.533,0.02,0.02
25.03.2021 08:35:15.785 GMT-0000,3357.262,3352.738,0.02,0.0075
25.03.2021 08:35:16.723 GMT-0000,3357.467,3353.738,0.02,0.0075
25.03.2021 08:35:16.887 GMT-0000,3357.508,3352.7790000000005,0.02,0.02
25.03.2021 08:35:17.860 GMT-0000,3357.1800000000003,3351.533,0.02,0.02
25.03.2021 08:35:18.406 GMT-0000,3357.303,3352.6150000000002,0.02,0.0075
25.03.2021 08:35:21.914 GMT-0000,3357.221,3351.656,0.02,0.02
25.03.2021 08:35:22.792 GMT-0000,3356.1800000000003,3350.451,0.02,0.02
25.03.2021 08:35:24.435 GMT-0000,3354.3440000000005,3350.7790000000005,0.0075,0.0075
25.03.2021 08:35:24.485 GMT-0000,3354.3440000000005,3348.533,0.02,0.02
25.03.2021 08:35:24.585 GMT-0000,3355.508,3349.451,0.02,0.02
25.03.2021 08:35:25.362 GMT-0000,3355.467,3348.697,0.02,0.02
25.03.2021 08:35:28.522 GMT-0000,3355,3349.6150000000002,0.02,0.02
25.03.2021 08:35:32.931 GMT-0000,3355.1800000000003,3348.492,0.02,0.02
25.03.2021 08:36:00.091 GMT-0000,3354.5490000000004,3348.656,0.0075,0.02
25.03.2021 08:36:10.539 GMT-0000,3352.5490000000004,3346.656,0.02,0.02
25.03.2021 08:36:11.514 GMT-0000,3352.467,3347.738,0.02,0.0075
25.03.2021 08:36:11.615 GMT-0000,3352.1800000000003,3346.697,0.02,0.02
25.03.2021 08:36:18.480 GMT-0000,3351.385,3345.533,0.02,0.02
25.03.2021 08:36:18.632 GMT-0000,3350.467,3347.533,0.0075,0.0075
25.03.2021 08:36:18.682 GMT-0000,3350.385,3343.451,0.02,0.02
25.03.2021 08:36:20.000 GMT-0000,3349.221,3343.533,0.0075,0.02
25.03.2021 08:36:21.172 GMT-0000,3349.3440000000005,3344.7790000000005,0.02,0.0075
25.03.2021 08:36:25.606 GMT-0000,3349.5490000000004,3343.6150000000002,0.02,0.02
25.03.2021 08:36:25.656 GMT-0000,3351.467,3346.451,0.02,0.02
25.03.2021 08:36:25.714 GMT-0000,3351.385,3345.697,0.02,0.02
25.03.2021 08:37:08.788 GMT-0000,3351.385,3346.533,0.02,0.0075
25.03.2021 08:37:11.334 GMT-0000,3351.508,3347.5740000000005,0.0075,0.0075
25.03.2021 08:37:11.384 GMT-0000,3355.385,3348.82,0.02,0.02
25.03.2021 08:37:11.435 GMT-0000,3354.508,3348.697,0.02,0.02
25.03.2021 08:37:12.340 GMT-0000,3353.5490000000004,3348.6150000000002,0.02,0.0075
25.03.2021 08:37:12.390 GMT-0000,3353.221,3347.697,0.02,0.02
25.03.2021 08:37:30.736 GMT-0000,3352,3347,0.02,0.02
25.03.2021 08:37:30.912 GMT-0000,3353.385,3346.738,0.02,0.02
25.03.2021 08:37:39.668 GMT-0000,3352.385,3347.533,0.02,0.02
25.03.2021 08:37:40.255 GMT-0000,3353.426,3346.7790000000005,0.02,0.02
25.03.2021 08:37:41.041 GMT-0000,3352.303,3346.656,0.0075,0.02
25.03.2021 08:37:54.576 GMT-0000,3352,3347.697,0.02,0.0075
25.03.2021 08:38:01.104 GMT-0000,3352,3346.5740000000005,0.02,0.02
25.03.2021 08:38:10.560 GMT-0000,3351,3346.697,0.0075,0.0075
25.03.2021 08:38:10.610 GMT-0000,3351.1800000000003,3345.5740000000005,0.02,0.02
25.03.2021 08:38:12.662 GMT-0000,3351.467,3346.492,0.02,0.0075
25.03.2021 08:38:12.712 GMT-0000,3352.303,3346.7790000000005,0.02,0.02
25.03.2021 08:38:21.824 GMT-0000,3352.221,3347.697,0.02,0.0075
25.03.2021 08:38:23.285 GMT-0000,3352.3440000000005,3348.82,0.02,0.02
25.03.2021 08:38:30.698 GMT-0000,3355.426,3348.738,0.02,0.02
25.03.2021 08:38:30.980 GMT-0000,3356.385,3348.7790000000005,0.02,0.02
25.03.2021 08:38:31.084 GMT-0000,3356.3440000000005,3349.6150000000002,0.02,0.02
25.03.2021 08:38:31.384 GMT-0000,3355.467,3350.6150000000002,0.0075,0.0075
25.03.2021 08:38:31.434 GMT-0000,3354.426,3348.7790000000005,0.02,0.02
25.03.2021 08:38:31.540 GMT-0000,3353.5490000000004,3348.656,0.02,0.02
25.03.2021 08:38:34.095 GMT-0000,3352.385,3348.7790000000005,0.0075,0.02
25.03.2021 08:39:00.620 GMT-0000,3352.3440000000005,3350.7790000000005,0.0075,0.0075
25.03.2021 08:39:00.670 GMT-0000,3356.467,3350.7790000000005,0.02,0.02
25.03.2021 08:39:00.855 GMT-0000,3356.5490000000004,3349.6150000000002,0.02,0.02
25.03.2021 08:39:01.126 GMT-0000,3355.5490000000004,3351.5740000000005,0.02,0.02
25.03.2021 08:39:01.234 GMT-0000,3356.3440000000005,3349.451,0.02,0.02
25.03.2021 08:39:01.761 GMT-0000,3355.5490000000004,3349.492,0.0075,0.0075
25.03.2021 08:39:01.811 GMT-0000,3355.467,3348.82,0.02,0.02
25.03.2021 08:39:07.106 GMT-0000,3355.508,3350.533,0.02,0.02
25.03.2021 08:39:07.157 GMT-0000,3355.1800000000003,3348.738,0.02,0.02
25.03.2021 08:39:09.124 GMT-0000,3355.262,3350.697,0.02,0.0075
25.03.2021 08:39:09.225 GMT-0000,3355.385,3348.7790000000005,0.02,0.02
25.03.2021 08:39:09.873 GMT-0000,3355.467,3350.451,0.02,0.0075
25.03.2021 08:39:09.923 GMT-0000,3355.5490000000004,3348.697,0.02,0.02
25.03.2021 08:39:13.831 GMT-0000,3355.426,3349.656,0.02,0.0075
25.03.2021 08:39:14.702 GMT-0000,3355.467,3348.656,0.02,0.02
25.03.2021 08:39:18.804 GMT-0000,3355.1800000000003,3350.6150000000002,0.02,0.0075
25.03.2021 08:40:13.149 GMT-0000,3356.262,3350.738,0.02,0.02
25.03.2021 08:40:14.056 GMT-0000,3355.467,3351,0.0075,0.02
25.03.2021 08:40:44.450 GMT-0000,3354.385,3350.82,0.0075,0.02
25.03.2021 08:40:44.550 GMT-0000,3355.426,3350.82,0.02,0.02
25.03.2021 08:40:44.608 GMT-0000,3354,3350.7790000000005,0.0075,0.02
25.03.2021 08:40:44.658 GMT-0000,3355.426,3350.6150000000002,0.02,0.02
25.03.2021 08:40:57.388 GMT-0000,3355.1800000000003,3351.492,0.02,0.02
25.03.2021 08:41:17.424 GMT-0000,3355,3353.656,0.02,0.0075
25.03.2021 08:41:26.364 GMT-0000,3358.508,3354,0.02,0.02
25.03.2021 08:41:26.414 GMT-0000,3357.221,3353.738,0.02,0.02
25.03.2021 08:41:27.092 GMT-0000,3358,3353.451,0.02,0.02
25.03.2021 08:41:33.172 GMT-0000,3357.262,3354,0.0075,0.02
25.03.2021 08:41:43.023 GMT-0000,3357.426,3354.533,0.0075,0.0075
25.03.2021 08:41:43.074 GMT-0000,3359.385,3354.533,0.02,0.02
25.03.2021 08:41:43.220 GMT-0000,3359.221,3353.7790000000005,0.02,0.02
25.03.2021 08:41:49.517 GMT-0000,3359.508,3355.492,0.02,0.02
25.03.2021 08:41:58.504 GMT-0000,3358.385,3355.738,0.0075,0.0075
25.03.2021 08:41:58.554 GMT-0000,3358.385,3353.656,0.02,0.02
25.03.2021 08:41:59.549 GMT-0000,3359.1800000000003,3353.451,0.02,0.02
25.03.2021 08:42:00.576 GMT-0000,3357.262,3353.7790000000005,0.0075,0.02
25.03.2021 08:42:17.586 GMT-0000,3357.3440000000005,3354.5740000000005,0.02,0.0075
25.03.2021 08:42:17.687 GMT-0000,3357.303,3353.656,0.02,0.02
25.03.2021 08:42:28.543 GMT-0000,3357.221,3354.82,0.02,0.0075
25.03.2021 08:42:28.593 GMT-0000,3358.303,3353.82,0.02,0.02
25.03.2021 08:42:29.054 GMT-0000,3360.467,3354,0.02,0.02
25.03.2021 08:42:29.109 GMT-0000,3359.426,3353.697,0.02,0.02
25.03.2021 08:42:59.191 GMT-0000,3357.262,3353.6150000000002,0.0075,0.02
25.03.2021 08:42:59.241 GMT-0000,3358,3353.738,0.02,0.02
25.03.2021 08:43:06.372 GMT-0000,3356.303,3353.5740000000005,0.0075,0.02
25.03.2021 08:43:07.310 GMT-0000,3356.221,3350.6150000000002,0.02,0.02
25.03.2021 08:43:11.967 GMT-0000,3355,3350.738,0.0075,0.02
25.03.2021 08:43:30.218 GMT-0000,3356.221,3351.7790000000005,0.02,0.02
25.03.2021 08:43:30.319 GMT-0000,3357,3351.738,0.02,0.02
25.03.2021 08:43:33.306 GMT-0000,3358.1800000000003,3351.6150000000002,0.02,0.02
25.03.2021 08:43:35.094 GMT-0000,3356.426,3351.5740000000005,0.0075,0.02
25.03.2021 08:43:37.020 GMT-0000,3357,3351.451,0.02,0.02
25.03.2021 08:43:37.115 GMT-0000,3358.1800000000003,3351.656,0.02,0.02
25.03.2021 08:43:38.898 GMT-0000,3358.1800000000003,3353.82,0.0075,0.0075
25.03.2021 08:43:38.948 GMT-0000,3359.385,3353.7790000000005,0.02,0.02
25.03.2021 08:43:39.000 GMT-0000,3357.3440000000005,3353.82,0.0075,0.0075
25.03.2021 08:43:39.050 GMT-0000,3357,3352.492,0.02,0.02
25.03.2021 08:43:40.351 GMT-0000,3358.385,3352.656,0.02,0.02
25.03.2021 08:44:00.026 GMT-0000,3357.303,3353.5740000000005,0.0075,0.0075
25.03.2021 08:44:00.077 GMT-0000,3358.5490000000004,3353.82,0.02,0.02
25.03.2021 08:44:00.222 GMT-0000,3358.303,3352.738,0.02,0.02
25.03.2021 08:44:07.559 GMT-0000,3357,3352.6150000000002,0.0075,0.02
25.03.2021 08:44:47.138 GMT-0000,3359.426,3354,0.02,0.02
25.03.2021 08:45:06.282 GMT-0000,3359.426,3353,0.02,0.02
25.03.2021 08:45:20.333 GMT-0000,3359,3353.656,0.02,0.0075
25.03.2021 08:45:24.464 GMT-0000,3362.1800000000003,3355.6150000000002,0.02,0.02
25.03.2021 08:45:24.514 GMT-0000,3361.385,3355.451,0.02,0.02
25.03.2021 08:45:25.228 GMT-0000,3360.221,3355.5740000000005,0.0075,0.02
25.03.2021 08:45:25.328 GMT-0000,3361.303,3355.492,0.02,0.02
25.03.2021 08:45:34.452 GMT-0000,3361.426,3358,0.0075,0.0075
25.03.2021 08:45:34.502 GMT-0000,3363.303,3357.7790000000005,0.02,0.02
25.03.2021 08:45:40.520 GMT-0000,3362.3440000000005,3355.5740000000005,0.02,0.02
25.03.2021 08:45:40.597 GMT-0000,3361.221,3355.451,0.0075,0.02
25.03.2021 08:45:41.448 GMT-0000,3362.508,3357,0.02,0.0075
25.03.2021 08:45:41.498 GMT-0000,3362.467,3355.738,0.02,0.02
25.03.2021 08:46:03.851 GMT-0000,3362.426,3355,0.02,0.02
25.03.2021 08:46:06.324 GMT-0000,3362.221,3355.82,0.02,0.02
25.03.2021 08:46:06.433 GMT-0000,3361.5490000000004,3355.492,0.02,0.02
25.03.2021 08:46:06.484 GMT-0000,3362.1800000000003,3355.5740000000005,0.02,0.02
25.03.2021 08:46:42.984 GMT-0000,3361.221,3355.5740000000005,0.0075,0.02
25.03.2021 08:46:43.084 GMT-0000,3362.3440000000005,3355.6150000000002,0.02,0.02
25.03.2021 08:46:47.226 GMT-0000,3362.1800000000003,3356.5740000000005,0.02,0.0075
25.03.2021 08:47:03.405 GMT-0000,3361.1800000000003,3356.697,0.0075,0.02
25.03.2021 08:47:03.646 GMT-0000,3360.3440000000005,3353.451,0.02,0.02
25.03.2021 08:47:06.743 GMT-0000,3360.5490000000004,3354.738,0.02,0.02
25.03.2021 08:47:13.561 GMT-0000,3360.262,3353.738,0.02,0.02
25.03.2021 08:47:14.709 GMT-0000,3360.467,3354.697,0.02,0.02
25.03.2021 08:47:15.935 GMT-0000,3360.426,3353.451,0.02,0.02
25.03.2021 08:47:16.928 GMT-0000,3360.385,3354.533,0.02,0.0075
25.03.2021 08:47:28.297 GMT-0000,3360.221,3353.492,0.02,0.02
25.03.2021 08:47:36.389 GMT-0000,3360.467,3354.697,0.02,0.0075
25.03.2021 08:47:37.311 GMT-0000,3360.3440000000005,3353.82,0.02,0.02
25.03.2021 08:47:42.020 GMT-0000,3360.221,3354.82,0.02,0.0075
25.03.2021 08:47:47.797 GMT-0000,3358.5490000000004,3354.533,0.0075,0.0075
25.03.2021 08:47:47.847 GMT-0000,3358.1800000000003,3352.7790000000005,0.02,0.02
25.03.2021 08:47:49.833 GMT-0000,3357.467,3352.7790000000005,0.0075,0.0075
25.03.2021 08:47:56.226 GMT-0000,3357.303,3352,0.02,0.02
25.03.2021 08:48:01.427 GMT-0000,3357.385,3352.697,0.02,0.0075
25.03.2021 08:48:02.231 GMT-0000,3357,3351.738,0.02,0.02
25.03.2021 08:48:04.096 GMT-0000,3357.385,3352.738,0.02,0.02
25.03.2021 08:48:04.196 GMT-0000,3358,3352.6150000000002,0.02,0.02
25.03.2021 08:48:07.262 GMT-0000,3357.508,3352,0.02,0.02
25.03.2021 08:48:08.957 GMT-0000,3357.262,3352.697,0.0075,0.0075
25.03.2021 08:48:09.007 GMT-0000,3358.5490000000004,3352.5740000000005,0.02,0.02
25.03.2021 08:48:09.316 GMT-0000,3358.3440000000005,3351.451,0.02,0.02
25.03.2021 08:48:09.536 GMT-0000,3358.221,3352.6150000000002,0.02,0.0075
25.03.2021 08:48:14.185 GMT-0000,3357.303,3352.82,0.0075,0.0075
25.03.2021 08:48:14.235 GMT-0000,3357.426,3351.697,0.02,0.02
25.03.2021 08:48:14.286 GMT-0000,3356.1800000000003,3350.7790000000005,0.02,0.02
25.03.2021 08:48:14.336 GMT-0000,3356.508,3349.5740000000005,0.02,0.02
25.03.2021 08:48:17.591 GMT-0000,3356.426,3350.492,0.0075,0.0075
25.03.2021 08:48:17.641 GMT-0000,3357.426,3351,0.02,0.02
25.03.2021 08:48:17.998 GMT-0000,3356.5490000000004,3352.5740000000005,0.0075,0.0075
25.03.2021 08:48:18.048 GMT-0000,3357.385,3352,0.02,0.02
25.03.2021 08:48:18.099 GMT-0000,3358.426,3352.656,0.02,0.02
25.03.2021 08:48:18.604 GMT-0000,3357.1800000000003,3351.6150000000002,0.02,0.02
25.03.2021 08:48:18.773 GMT-0000,3358.426,3351.697,0.02,0.02
25.03.2021 08:48:19.316 GMT-0000,3357.1800000000003,3351.82,0.0075,0.02
25.03.2021 08:48:19.669 GMT-0000,3358.221,3351.82,0.02,0.02
25.03.2021 08:48:20.200 GMT-0000,3357.1800000000003,3352,0.02,0.02
25.03.2021 08:48:26.780 GMT-0000,3358.3440000000005,3351.533,0.02,0.02
25.03.2021 08:48:29.388 GMT-0000,3358.262,3353.656,0.0075,0.0075
25.03.2021 08:48:29.438 GMT-0000,3359.303,3353.82,0.02,0.02
25.03.2021 08:48:29.520 GMT-0000,3359.262,3352.492,0.02,0.02
25.03.2021 08:48:29.580 GMT-0000,3358.303,3352.6150000000002,0.0075,0.02
25.03.2021 08:48:37.404 GMT-0000,3358.3440000000005,3351.451,0.02,0.02
25.03.2021 08:48:48.176 GMT-0000,3358.508,3352.6150000000002,0.02,0.0075
25.03.2021 08:48:51.202 GMT-0000,3358.221,3352,0.02,0.02
25.03.2021 08:48:52.834 GMT-0000,3358.303,3352.5740000000005,0.02,0.0075
25.03.2021 08:48:58.608 GMT-0000,3356.508,3353,0.0075,0.02
25.03.2021 08:48:58.658 GMT-0000,3359.221,3352.7790000000005,0.02,0.02
25.03.2021 08:48:58.709 GMT-0000,3357.221,3353,0.02,0.02
25.03.2021 08:49:18.189 GMT-0000,3356.426,3351.82,0.02,0.02
25.03.2021 08:49:18.239 GMT-0000,3358.5490000000004,3352,0.02,0.02
25.03.2021 08:49:18.289 GMT-0000,3357.3440000000005,3351.697,0.02,0.02
25.03.2021 08:49:26.864 GMT-0000,3357.1800000000003,3352.533,0.0075,0.0075
25.03.2021 08:49:26.914 GMT-0000,3358.5490000000004,3352.738,0.02,0.02
25.03.2021 08:49:28.367 GMT-0000,3357.385,3352.451,0.0075,0.02
25.03.2021 08:49:28.618 GMT-0000,3358,3352.5740000000005,0.02,0.02
25.03.2021 08:49:49.636 GMT-0000,3358.426,3354.82,0.02,0.02
25.03.2021 08:49:49.754 GMT-0000,3360.3440000000005,3354.656,0.02,0.02
25.03.2021 08:49:51.676 GMT-0000,3359.221,3353.451,0.02,0.02
25.03.2021 08:50:05.889 GMT-0000,3359.467,3354.492,0.02,0.0075
25.03.2021 08:50:05.939 GMT-0000,3359.5490000000004,3353.5740000000005,0.02,0.02
25.03.2021 08:50:09.777 GMT-0000,3359.467,3354.6150000000002,0.02,0.0075
25.03.2021 08:50:43.027 GMT-0000,3359.1800000000003,3355.656,0.02,0.0075
25.03.2021 08:50:43.077 GMT-0000,3360.303,3355.6150000000002,0.02,0.02
25.03.2021 08:50:43.263 GMT-0000,3361.385,3356,0.02,0.02
25.03.2021 08:50:51.980 GMT-0000,3360.426,3355.5740000000005,0.0075,0.02
25.03.2021 08:50:52.080 GMT-0000,3360.508,3354.451,0.02,0.02
25.03.2021 08:51:03.288 GMT-0000,3360.5490000000004,3355.656,0.02,0.02
25.03.2021 08:51:03.338 GMT-0000,3361.221,3355.492,0.02,0.02
25.03.2021 08:51:05.992 GMT-0000,3361.5490000000004,3358.492,0.0075,0.0075
25.03.2021 08:51:06.042 GMT-0000,3362.508,3359,0.02,0.02
25.03.2021 08:51:06.148 GMT-0000,3362,3357.738,0.02,0.02
25.03.2021 08:51:06.250 GMT-0000,3362,3356.7790000000005,0.02,0.02
25.03.2021 08:51:06.597 GMT-0000,3362.1800000000003,3358.82,0.02,0.02
25.03.2021 08:51:10.228 GMT-0000,3363.508,3358.6150000000002,0.02,0.02
25.03.2021 08:51:15.146 GMT-0000,3362.262,3358.492,0.0075,0.02
25.03.2021 08:51:23.476 GMT-0000,3363.426,3358.6150000000002,0.02,0.02
25.03.2021 08:51:33.050 GMT-0000,3362.467,3358.82,0.02,0.02
25.03.2021 08:51:33.481 GMT-0000,3363.426,3358.533,0.02,0.02
25.03.2021 08:51:37.585 GMT-0000,3362.221,3358.5740000000005,0.0075,0.02
25.03.2021 08:51:50.353 GMT-0000,3363.508,3359.492,0.02,0.02
25.03.2021 08:52:00.116 GMT-0000,3362.3440000000005,3359.533,0.0075,0.02
25.03.2021 08:52:01.643 GMT-0000,3363,3359.6150000000002,0.02,0.02
25.03.2021 08:52:13.900 GMT-0000,3364.262,3360,0.02,0.02
25.03.2021 08:52:15.912 GMT-0000,3365.221,3359.7790000000005,0.02,0.02
25.03.2021 08:52:19.783 GMT-0000,3365,3358.451,0.02,0.02
25.03.2021 08:52:23.968 GMT-0000,3363.467,3358.5740000000005,0.0075,0.02
25.03.2021 08:52:24.069 GMT-0000,3364.5490000000004,3358.656,0.02,0.02
25.03.2021 08:52:25.844 GMT-0000,3362.262,3358.738,0.02,0.02
25.03.2021 08:52:29.928 GMT-0000,3363.262,3358.492,0.02,0.02
25.03.2021 08:52:30.282 GMT-0000,3364.1800000000003,3358.656,0.02,0.02
25.03.2021 08:52:31.795 GMT-0000,3365.385,3359.6150000000002,0.02,0.02
25.03.2021 08:52:32.115 GMT-0000,3364.3440000000005,3358.451,0.02,0.02
25.03.2021 08:52:35.832 GMT-0000,3363.508,3359.492,0.0075,0.0075
25.03.2021 08:52:35.883 GMT-0000,3364.385,3359.697,0.02,0.02
25.03.2021 08:52:36.030 GMT-0000,3364.303,3358.7790000000005,0.02,0.02
25.03.2021 08:52:42.925 GMT-0000,3363.3440000000005,3358.82,0.0075,0.02
25.03.2021 08:52:43.051 GMT-0000,3362.385,3358.82,0.0075,0.02
25.03.2021 08:52:53.786 GMT-0000,3361,3358.82,0.0075,0.02
25.03.2021 08:53:02.201 GMT-0000,3362.385,3358.451,0.02,0.02
25.03.2021 08:53:18.379 GMT-0000,3361.426,3358.82,0.0075,0.02
25.03.2021 08:53:22.758 GMT-0000,3362.385,3358.6150000000002,0.02,0.02
25.03.2021 08:53:23.277 GMT-0000,3363,3358.492,0.02,0.02
25.03.2021 08:53:27.360 GMT-0000,3361.303,3358.82,0.0075,0.02
25.03.2021 08:53:33.422 GMT-0000,3361.426,3357.533,0.02,0.02
25.03.2021 08:53:33.473 GMT-0000,3362.5490000000004,3357.7790000000005,0.02,0.02
25.03.2021 08:53:34.589 GMT-0000,3362.262,3357,0.02,0.02
25.03.2021 08:53:40.304 GMT-0000,3361.221,3356.7790000000005,0.0075,0.02
25.03.2021 08:53:43.926 GMT-0000,3362.5490000000004,3356.533,0.02,0.02
25.03.2021 08:53:50.616 GMT-0000,3361.385,3356.533,0.0075,0.02
25.03.2021 08:53:56.010 GMT-0000,3362.303,3356.82,0.02,0.02
25.03.2021 08:54:00.029 GMT-0000,3361.385,3356.697,0.02,0.02
25.03.2021 08:54:10.289 GMT-0000,3362.221,3356.738,0.02,0.02
25.03.2021 08:54:15.472 GMT-0000,3361.221,3356.533,0.0075,0.02
25.03.2021 08:54:20.670 GMT-0000,3362.1800000000003,3356.6150000000002,0.02,0.02
25.03.2021 08:54:26.676 GMT-0000,3360.221,3356.5740000000005,0.0075,0.02
25.03.2021 08:54:26.726 GMT-0000,3360,3354.492,0.02,0.02
25.03.2021 08:54:36.371 GMT-0000,3358.5490000000004,3354.5740000000005,0.0075,0.0075
25.03.2021 08:54:36.422 GMT-0000,3358.1800000000003,3353.7790000000005,0.02,0.02
25.03.2021 08:54:36.522 GMT-0000,3359,3353.738,0.02,0.02
25.03.2021 08:54:41.511 GMT-0000,3358.1800000000003,3353.656,0.0075,0.02
25.03.2021 08:55:18.678 GMT-0000,3358.385,3352.451,0.02,0.02
25.03.2021 08:55:19.722 GMT-0000,3357.262,3352.492,0.0075,0.02
25.03.2021 08:55:34.204 GMT-0000,3358,3352.492,0.02,0.02
25.03.2021 08:55:38.188 GMT-0000,3357.1800000000003,3352.656,0.02,0.02
25.03.2021 08:55:49.124 GMT-0000,3358.385,3353.7790000000005,0.02,0.02
25.03.2021 08:55:49.564 GMT-0000,3360.303,3353.5740000000005,0.02,0.02
25.03.2021 08:55:49.614 GMT-0000,3359.3440000000005,3353.492,0.02,0.02
25.03.2021 08:56:10.509 GMT-0000,3359.5490000000004,3355,0.02,0.0075
25.03.2021 08:56:15.831 GMT-0000,3357.426,3354.6150000000002,0.0075,0.02
25.03.2021 08:56:15.881 GMT-0000,3359.221,3354.5740000000005,0.02,0.02
25.03.2021 08:56:16.574 GMT-0000,3359,3353.697,0.02,0.02
25.03.2021 08:56:21.562 GMT-0000,3357.467,3353.451,0.0075,0.0075
25.03.2021 08:56:21.613 GMT-0000,3358.262,3352.82,0.02,0.02
25.03.2021 08:56:21.663 GMT-0000,3358.385,3354.738,0.02,0.02
25.03.2021 08:56:23.159 GMT-0000,3359.5490000000004,3354.7790000000005,0.02,0.02
25.03.2021 08:56:23.393 GMT-0000,3359,3355.697,0.02,0.0075
25.03.2021 08:56:25.259 GMT-0000,3360.1800000000003,3356,0.02,0.02
25.03.2021 08:56:25.310 GMT-0000,3359.303,3355.656,0.02,0.02
25.03.2021 08:56:25.594 GMT-0000,3359.221,3356.7790000000005,0.02,0.0075
25.03.2021 08:56:26.412 GMT-0000,3360.262,3356.6150000000002,0.02,0.02
25.03.2021 08:56:27.356 GMT-0000,3361,3357.7790000000005,0.02,0.02
25.03.2021 08:56:27.527 GMT-0000,3362.508,3358,0.02,0.02
25.03.2021 08:56:31.430 GMT-0000,3362.221,3359,0.0075,0.0075
25.03.2021 08:56:31.480 GMT-0000,3363.262,3358.451,0.02,0.02
25.03.2021 08:56:33.065 GMT-0000,3362.3440000000005,3358.533,0.0075,0.02
25.03.2021 08:56:48.196 GMT-0000,3363.385,3358.6150000000002,0.02,0.02
25.03.2021 08:56:48.247 GMT-0000,3362.385,3358.697,0.02,0.02
25.03.2021 08:57:15.631 GMT-0000,3361.5490000000004,3358.7790000000005,0.0075,0.0075
25.03.2021 08:57:15.682 GMT-0000,3362.221,3357.533,0.02,0.02
25.03.2021 08:57:15.868 GMT-0000,3362.467,3356.7790000000005,0.02,0.02
25.03.2021 08:57:16.610 GMT-0000,3362,3358.5740000000005,0.02,0.02
25.03.2021 08:57:18.716 GMT-0000,3361.426,3358.697,0.02,0.02
25.03.2021 08:57:19.435 GMT-0000,3362.262,3358.533,0.02,0.02
25.03.2021 08:57:19.988 GMT-0000,3361.467,3358.82,0.0075,0.02
25.03.2021 08:57:45.971 GMT-0000,3361.5490000000004,3358,0.02,0.02
25.03.2021 08:57:46.021 GMT-0000,3360.426,3357.533,0.02,0.02
25.03.2021 08:57:46.605 GMT-0000,3360,3358.6150000000002,0.02,0.0075
25.03.2021 08:57:46.655 GMT-0000,3361.467,3357.6150000000002,0.02,0.02
25.03.2021 08:57:47.602 GMT-0000,3361.426,3358.82,0.02,0.0075
25.03.2021 08:58:12.343 GMT-0000,3360.3440000000005,3358.82,0.0075,0.02
25.03.2021 08:58:12.443 GMT-0000,3360.385,3357.451,0.02,0.02
25.03.2021 08:58:27.938 GMT-0000,3359.385,3357.451,0.0075,0.02
25.03.2021 08:58:33.963 GMT-0000,3360.303,3357.82,0.02,0.02
25.03.2021 08:58:35.046 GMT-0000,3361.221,3357.82,0.02,0.02
25.03.2021 08:58:53.210 GMT-0000,3360.5490000000004,3355.492,0.02,0.02
25.03.2021 08:59:06.154 GMT-0000,3360.508,3354.697,0.02,0.02
25.03.2021 08:59:06.614 GMT-0000,3359.221,3354.656,0.0075,0.0075
25.03.2021 08:59:06.665 GMT-0000,3359.508,3354,0.02,0.02
25.03.2021 08:59:10.114 GMT-0000,3358.426,3353.7790000000005,0.0075,0.02
25.03.2021 08:59:17.392 GMT-0000,3358.5490000000004,3354.6150000000002,0.0075,0.0075
25.03.2021 08:59:17.443 GMT-0000,3359.426,3354.6150000000002,0.02,0.02
25.03.2021 08:59:22.497 GMT-0000,3358.221,3354.533,0.02,0.02
25.03.2021 08:59:29.547 GMT-0000,3362.5490000000004,3356.738,0.02,0.02
25.03.2021 08:59:29.612 GMT-0000,3360.508,3358,0.0075,0.0075
25.03.2021 08:59:29.662 GMT-0000,3360.5490000000004,3356.451,0.02,0.02
25.03.2021 08:59:30.608 GMT-0000,3360.467,3357.492,0.02,0.02
25.03.2021 08:59:36.856 GMT-0000,3362.385,3358.5740000000005,0.02,0.02
25.03.2021 08:59:39.815 GMT-0000,3361.467,3358.697,0.0075,0.0075
25.03.2021 08:59:39.865 GMT-0000,3361.426,3358,0.02,0.02
25.03.2021 08:59:45.599 GMT-0000,3361.3440000000005,3358.7790000000005,0.02,0.02
25.03.2021 09:00:06.041 GMT-0000,3362.1800000000003,3359.7790000000005,0.02,0.02
25.03.2021 09:00:06.182 GMT-0000,3362.467,3358.697,0.02,0.02
25.03.2021 09:00:23.341 GMT-0000,3364.385,3359.451,0.02,0.02
25.03.2021 09:00:23.490 GMT-0000,3364.3440000000005,3358.697,0.02,0.02
25.03.2021 09:00:25.839 GMT-0000,3363.262,3358.697,0.02,0.02
25.03.2021 09:00:34.184 GMT-0000,3361.1800000000003,3358.7790000000005,0.0075,0.0075
25.03.2021 09:00:34.234 GMT-0000,3362.262,3357.697,0.02,0.02
25.03.2021 09:00:36.263 GMT-0000,3361.5490000000004,3358,0.0075,0.02
25.03.2021 09:00:36.513 GMT-0000,3360.5490000000004,3358,0.0075,0.02
25.03.2021 09:00:36.613 GMT-0000,3360.508,3355.7790000000005,0.02,0.02
25.03.2021 09:00:59.528 GMT-0000,3360.385,3354.697,0.02,0.02
25.03.2021 09:01:02.376 GMT-0000,3359.508,3354.82,0.0075,0.0075
25.03.2021 09:01:02.426 GMT-0000,3359.303,3353.656,0.02,0.02
25.03.2021 09:01:02.768 GMT-0000,3358.467,3353.697,0.0075,0.02
25.03.2021 09:01:04.426 GMT-0000,3358.508,3352.697,0.02,0.02
25.03.2021 09:01:04.623 GMT-0000,3358.467,3353.7790000000005,0.02,0.0075
25.03.2021 09:01:06.716 GMT-0000,3358,3354.82,0.02,0.0075
25.03.2021 09:01:31.135 GMT-0000,3357.508,3354.533,0.0075,0.0075
25.03.2021 09:01:31.185 GMT-0000,3358.262,3353.697,0.02,0.02
25.03.2021 09:01:31.632 GMT-0000,3358,3354.697,0.02,0.0075
25.03.2021 09:01:39.622 GMT-0000,3357.1800000000003,3355.533,0.02,0.02
25.03.2021 09:01:42.141 GMT-0000,3357,3354.82,0.02,0.02
25.03.2021 09:01:42.368 GMT-0000,3358,3354.697,0.02,0.02
25.03.2021 09:02:42.881 GMT-0000,3358.508,3357.533,0.0075,0.0075
25.03.2021 09:02:42.932 GMT-0000,3363.303,3358.738,0.02,0.02
25.03.2021 09:02:43.045 GMT-0000,3364.221,3358.533,0.02,0.02
25.03.2021 09:02:44.072 GMT-0000,3364.221,3360,0.02,0.02
25.03.2021 09:02:44.122 GMT-0000,3366.1800000000003,3359.451,0.02,0.02
25.03.2021 09:02:44.172 GMT-0000,3364.262,3359.656,0.02,0.02
25.03.2021 09:02:44.223 GMT-0000,3365.426,3359,0.02,0.02
25.03.2021 09:02:44.633 GMT-0000,3364.467,3358.656,0.0075,0.02
25.03.2021 09:02:48.820 GMT-0000,3364.426,3360.492,0.0075,0.0075
25.03.2021 09:02:48.871 GMT-0000,3366.303,3360,0.02,0.02
25.03.2021 09:02:48.923 GMT-0000,3366.303,3360.697,0.02,0.0075
25.03.2021 09:02:49.023 GMT-0000,3369.5490000000004,3362.7790000000005,0.02,0.02
25.03.2021 09:02:51.189 GMT-0000,3368.385,3363.82,0.0075,0.0075
25.03.2021 09:02:59.885 GMT-0000,3373.5490000000004,3365.697,0.02,0.02
25.03.2021 09:02:59.936 GMT-0000,3370.385,3365.656,0.02,0.02
25.03.2021 09:02:59.986 GMT-0000,3373.3440000000005,3365.738,0.02,0.02
25.03.2021 09:03:00.078 GMT-0000,3371.262,3365.533,0.02,0.02
25.03.2021 09:03:00.222 GMT-0000,3373.221,3366,0.02,0.02
25.03.2021 09:03:00.312 GMT-0000,3373.303,3368.7790000000005,0.0075,0.0075
25.03.2021 09:03:00.363 GMT-0000,3374.221,3368.738,0.02,0.02
25.03.2021 09:03:00.413 GMT-0000,3373.303,3368.5740000000005,0.02,0.02
25.03.2021 09:03:00.490 GMT-0000,3373.221,3365.533,0.02,0.02
25.03.2021 09:03:01.083 GMT-0000,3373.221,3366.533,0.02,0.02
25.03.2021 09:03:02.022 GMT-0000,3372.508,3366.492,0.0075,0.02
25.03.2021 09:03:03.558 GMT-0000,3372.426,3369.6150000000002,0.02,0.0075
25.03.2021 09:03:04.186 GMT-0000,3378.262,3369.656,0.02,0.02
25.03.2021 09:03:04.372 GMT-0000,3377.508,3372.533,0.0075,0.0075
25.03.2021 09:03:05.601 GMT-0000,3375,3372.6150000000002,0.0075,0.02
25.03.2021 09:03:08.229 GMT-0000,3375.1800000000003,3371.5740000000005,0.02,0.02
25.03.2021 09:03:16.014 GMT-0000,3375.508,3372.82,0.02,0.02
25.03.2021 09:03:16.066 GMT-0000,3379.426,3373,0.02,0.02
25.03.2021 09:03:17.627 GMT-0000,3380.1800000000003,3370.5740000000005,0.02,0.02
25.03.2021 09:03:18.052 GMT-0000,3380.385,3373.451,0.02,0.0075
25.03.2021 09:03:21.900 GMT-0000,3381.5490000000004,3373.697,0.02,0.02
25.03.2021 09:03:22.010 GMT-0000,3378.5490000000004,3372.492,0.0075,0.02
25.03.2021 09:03:26.134 GMT-0000,3378.508,3375.7790000000005,0.02,0.0075
25.03.2021 09:03:26.235 GMT-0000,3383.467,3375.5740000000005,0.02,0.02
25.03.2021 09:03:26.976 GMT-0000,3383.3440000000005,3378,0.02,0.0075
25.03.2021 09:03:27.130 GMT-0000,3380.508,3375.7790000000005,0.02,0.02
25.03.2021 09:03:32.657 GMT-0000,3380.5490000000004,3378.451,0.0075,0.0075
25.03.2021 09:03:32.708 GMT-0000,3384.3440000000005,3379,0.02,0.02
25.03.2021 09:03:33.438 GMT-0000,3384.508,3375.533,0.02,0.02
25.03.2021 09:03:33.488 GMT-0000,3385.1800000000003,3376.697,0.02,0.02
25.03.2021 09:03:34.860 GMT-0000,3384.303,3376.533,0.0075,0.02
25.03.2021 09:03:40.526 GMT-0000,3384.262,3379.492,0.02,0.0075
25.03.2021 09:03:42.279 GMT-0000,3384.467,3376.492,0.02,0.02
25.03.2021 09:03:46.951 GMT-0000,3383.3440000000005,3376.697,0.0075,0.0075
25.03.2021 09:03:47.960 GMT-0000,3383.385,3378,0.0075,0.02
25.03.2021 09:03:48.011 GMT-0000,3384.303,3377.697,0.02,0.02
25.03.2021 09:03:48.993 GMT-0000,3383,3379.5740000000005,0.0075,0.0075
25.03.2021 09:03:50.454 GMT-0000,3383.467,3380.697,0.02,0.0075
25.03.2021 09:03:50.604 GMT-0000,3383.262,3380,0.02,0.02
25.03.2021 09:03:50.789 GMT-0000,3381.3440000000005,3375.451,0.02,0.02
25.03.2021 09:03:50.840 GMT-0000,3382.508,3375.6150000000002,0.02,0.02
25.03.2021 09:03:53.929 GMT-0000,3381.508,3375.738,0.0075,0.02
25.03.2021 09:04:07.936 GMT-0000,3379,3374,0.02,0.02
25.03.2021 09:04:08.457 GMT-0000,3382.385,3373.6150000000002,0.02,0.02
25.03.2021 09:04:15.389 GMT-0000,3379.221,3374.697,0.02,0.02
25.03.2021 09:04:21.576 GMT-0000,3379,3375.697,0.0075,0.0075
25.03.2021 09:04:21.627 GMT-0000,3383,3375.451,0.02,0.02
25.03.2021 09:04:23.481 GMT-0000,3381.221,3375.7790000000005,0.02,0.02
25.03.2021 09:04:24.684 GMT-0000,3381.3440000000005,3377,0.02,0.02
25.03.2021 09:04:25.695 GMT-0000,3383.262,3377,0.02,0.02
25.03.2021 09:04:35.121 GMT-0000,3383.508,3378.82,0.02,0.02
25.03.2021 09:05:22.568 GMT-0000,3382.221,3378.697,0.0075,0.02
25.03.2021 09:05:23.717 GMT-0000,3383.508,3379.697,0.0075,0.02
25.03.2021 09:05:23.767 GMT-0000,3384.3440000000005,3379.533,0.02,0.02
25.03.2021 09:05:23.818 GMT-0000,3384.467,3381.697,0.02,0.02
25.03.2021 09:05:25.205 GMT-0000,3384.426,3380,0.02,0.02
25.03.2021 09:05:25.976 GMT-0000,3385.508,3378.738,0.02,0.02
25.03.2021 09:05:37.193 GMT-0000,3383.221,3378.82,0.0075,0.02
25.03.2021 09:05:37.243 GMT-0000,3384.5490000000004,3378.451,0.02,0.02
25.03.2021 09:05:39.193 GMT-0000,3383.221,3378.82,0.0075,0.02
25.03.2021 09:05:39.243 GMT-0000,3385.262,3379.5740000000005,0.02,0.02
25.03.2021 09:05:39.418 GMT-0000,3383.3440000000005,3379.82,0.02,0.02
25.03.2021 09:05:39.830 GMT-0000,3385.303,3379.5740000000005,0.02,0.02
25.03.2021 09:05:41.768 GMT-0000,3385.1800000000003,3378.451,0.02,0.02
25.03.2021 09:05:51.800 GMT-0000,3384.508,3378.82,0.0075,0.0075
25.03.2021 09:05:52.128 GMT-0000,3383,3377.492,0.0075,0.02
25.03.2021 09:05:52.178 GMT-0000,3384.221,3377.492,0.02,0.02
25.03.2021 09:05:53.361 GMT-0000,3385.508,3376.451,0.02,0.02
25.03.2021 09:05:56.830 GMT-0000,3384,3377.492,0.02,0.02
25.03.2021 09:05:57.042 GMT-0000,3385.5490000000004,3376.6150000000002,0.02,0.02
25.03.2021 09:05:58.915 GMT-0000,3385.467,3377.5740000000005,0.02,0.0075
25.03.2021 09:06:09.296 GMT-0000,3382.221,3379.451,0.0075,0.0075
25.03.2021 09:06:14.487 GMT-0000,3385.262,3379.697,0.02,0.02
25.03.2021 09:06:16.107 GMT-0000,3383,3379.533,0.02,0.02
25.03.2021 09:06:16.251 GMT-0000,3385.262,3379.738,0.02,0.02
25.03.2021 09:06:24.384 GMT-0000,3384.221,3379.738,0.0075,0.02
25.03.2021 09:06:24.435 GMT-0000,3384.467,3377.533,0.02,0.02
25.03.2021 09:06:24.485 GMT-0000,3382.5490000000004,3377.697,0.02,0.02
25.03.2021 09:06:24.535 GMT-0000,3382.508,3375.82,0.02,0.02
25.03.2021 09:06:25.630 GMT-0000,3380,3375.82,0.0075,0.02
25.03.2021 09:06:31.857 GMT-0000,3380.303,3376.7790000000005,0.02,0.02
25.03.2021 09:06:32.224 GMT-0000,3384.467,3376.5740000000005,0.02,0.02
25.03.2021 09:06:32.393 GMT-0000,3384.303,3377.697,0.0075,0.0075
25.03.2021 09:06:32.443 GMT-0000,3385,3377.6150000000002,0.02,0.02
25.03.2021 09:06:37.053 GMT-0000,3383.221,3377.492,0.0075,0.02
25.03.2021 09:06:38.458 GMT-0000,3383.508,3379.656,0.02,0.0075
25.03.2021 09:06:38.621 GMT-0000,3383.303,3377.492,0.02,0.02
25.03.2021 09:06:44.972 GMT-0000,3383.3440000000005,3379.6150000000002,0.02,0.0075
25.03.2021 09:06:45.168 GMT-0000,3383.508,3377.5740000000005,0.02,0.02
25.03.2021 09:06:49.590 GMT-0000,3383.3440000000005,3380.451,0.02,0.0075
25.03.2021 09:06:53.511 GMT-0000,3383.508,3379.492,0.02,0.02
25.03.2021 09:07:05.171 GMT-0000,3383.221,3378.738,0.02,0.02
25.03.2021 09:07:05.221 GMT-0000,3383,3381.451,0.02,0.02
25.03.2021 09:07:05.410 GMT-0000,3383.221,3381,0.02,0.02
25.03.2021 09:07:12.255 GMT-0000,3383.5490000000004,3381.697,0.0075,0.0075
25.03.2021 09:07:12.367 GMT-0000,3384.3440000000005,3382.6150000000002,0.02,0.02
25.03.2021 09:07:15.609 GMT-0000,3384.221,3381.738,0.02,0.02
25.03.2021 09:07:19.418 GMT-0000,3384.467,3379.7790000000005,0.02,0.02
25.03.2021 09:07:20.240 GMT-0000,3384.508,3381.82,0.02,0.02
25.03.2021 09:07:28.429 GMT-0000,3384.508,3382.656,0.0075,0.0075
25.03.2021 09:07:28.480 GMT-0000,3385.1800000000003,3381.697,0.02,0.02
25.03.2021 09:07:28.530 GMT-0000,3384.5490000000004,3382,0.02,0.02
25.03.2021 09:07:28.774 GMT-0000,3387.5490000000004,3381.451,0.02,0.02
25.03.2021 09:07:33.423 GMT-0000,3385.508,3381.82,0.0075,0.02
25.03.2021 09:07:37.606 GMT-0000,3386.3440000000005,3378.5740000000005,0.02,0.02
25.03.2021 09:07:37.656 GMT-0000,3383.262,3378.82,0.02,0.02
25.03.2021 09:07:40.780 GMT-0000,3383.426,3379.5740000000005,0.02,0.0075
25.03.2021 09:07:41.050 GMT-0000,3386.385,3379.738,0.02,0.02
25.03.2021 09:07:48.468 GMT-0000,3386.385,3381.5740000000005,0.02,0.02
25.03.2021 09:07:48.618 GMT-0000,3386.221,3379.451,0.02,0.02
25.03.2021 09:07:51.870 GMT-0000,3386.385,3381.451,0.02,0.0075
25.03.2021 09:07:52.022 GMT-0000,3386.5490000000004,3379.533,0.02,0.02
25.03.2021 09:07:55.611 GMT-0000,3386.467,3380.451,0.02,0.0075
25.03.2021 09:07:59.863 GMT-0000,3386.5490000000004,3383,0.02,0.0075
25.03.2021 09:07:59.914 GMT-0000,3386.508,3380.656,0.02,0.02
25.03.2021 09:08:00.924 GMT-0000,3388.385,3380.656,0.02,0.02
25.03.2021 09:08:01.605 GMT-0000,3388.262,3383.82,0.0075,0.0075
25.03.2021 09:08:01.656 GMT-0000,3389.221,3383.5740000000005,0.02,0.02
25.03.2021 09:08:01.706 GMT-0000,3386.508,3383.6150000000002,0.02,0.02
25.03.2021 09:08:49.821 GMT-0000,3388.3440000000005,3384,0.02,0.02
25.03.2021 09:09:04.157 GMT-0000,3385.467,3384,0.0075,0.0075
25.03.2021 09:09:04.207 GMT-0000,3386.385,3380.738,0.02,0.02
25.03.2021 09:09:04.307 GMT-0000,3386.221,3379.697,0.02,0.02
25.03.2021 09:09:04.358 GMT-0000,3387.1800000000003,3380.451,0.02,0.02
25.03.2021 09:09:04.515 GMT-0000,3386.1800000000003,3380.697,0.0075,0.02
25.03.2021 09:09:04.818 GMT-0000,3383,3380.451,0.0075,0.0075
25.03.2021 09:09:04.868 GMT-0000,3383.3440000000005,3379.451,0.02,0.02
25.03.2021 09:09:04.973 GMT-0000,3385.426,3379.82,0.02,0.02
25.03.2021 09:09:14.204 GMT-0000,3385.385,3380.492,0.02,0.0075
25.03.2021 09:10:13.274 GMT-0000,3385.467,3381.697,0.0075,0.0075
25.03.2021 09:10:13.324 GMT-0000,3386.303,3381.533,0.02,0.02
25.03.2021 09:10:14.793 GMT-0000,3386.467,3383.738,0.02,0.0075
25.03.2021 09:10:14.894 GMT-0000,3386.385,3382.656,0.02,0.02
25.03.2021 09:10:15.563 GMT-0000,3389,3382.697,0.02,0.02
25.03.2021 09:10:15.613 GMT-0000,3386.262,3382.7790000000005,0.02,0.02
25.03.2021 09:10:15.779 GMT-0000,3386.385,3382,0.02,0.02
25.03.2021 09:10:15.879 GMT-0000,3387.262,3381.451,0.02,0.02
25.03.2021 09:10:16.234 GMT-0000,3387.508,3380.492,0.02,0.02
25.03.2021 09:10:16.592 GMT-0000,3385.467,3380.5740000000005,0.0075,0.02
25.03.2021 09:10:16.692 GMT-0000,3387,3380.451,0.02,0.02
25.03.2021 09:10:17.517 GMT-0000,3386.303,3380.656,0.0075,0.0075
25.03.2021 09:10:17.568 GMT-0000,3386.467,3379.492,0.02,0.02
25.03.2021 09:10:17.688 GMT-0000,3385.508,3380,0.0075,0.02
25.03.2021 09:10:19.903 GMT-0000,3384.303,3379.451,0.0075,0.0075
25.03.2021 09:10:19.954 GMT-0000,3384.262,3377.533,0.02,0.02
25.03.2021 09:10:20.004 GMT-0000,3383.3440000000005,3377.492,0.02,0.02
25.03.2021 09:10:22.577 GMT-0000,3380.467,3378,0.0075,0.0075
25.03.2021 09:10:22.627 GMT-0000,3380.1800000000003,3375,0.02,0.02
25.03.2021 09:10:22.737 GMT-0000,3381.5490000000004,3374.738,0.02,0.02
25.03.2021 09:10:25.816 GMT-0000,3380.303,3374.5740000000005,0.0075,0.02
25.03.2021 09:10:28.632 GMT-0000,3379.3440000000005,3374.697,0.0075,0.02
25.03.2021 09:10:34.101 GMT-0000,3379.508,3378.7790000000005,0.0075,0.0075
25.03.2021 09:10:34.151 GMT-0000,3386.262,3379.492,0.02,0.02
25.03.2021 09:10:36.189 GMT-0000,3385.5490000000004,3382,0.02,0.02
25.03.2021 09:10:36.240 GMT-0000,3385,3380.451,0.02,0.02
25.03.2021 09:10:37.214 GMT-0000,3385,3382.7790000000005,0.02,0.0075
25.03.2021 09:10:41.472 GMT-0000,3389.5490000000004,3383.738,0.02,0.02
25.03.2021 09:10:41.523 GMT-0000,3390.1800000000003,3383.451,0.02,0.02
25.03.2021 09:10:43.161 GMT-0000,3390.221,3382.533,0.02,0.02
25.03.2021 09:10:49.487 GMT-0000,3387,3383.492,0.02,0.02
25.03.2021 09:10:49.630 GMT-0000,3386,3382.82,0.02,0.02
25.03.2021 09:10:56.372 GMT-0000,3386.426,3379.656,0.02,0.02
25.03.2021 09:10:56.423 GMT-0000,3385.303,3380.451,0.02,0.02
25.03.2021 09:10:56.687 GMT-0000,3387.3440000000005,3380.697,0.02,0.02
25.03.2021 09:10:57.208 GMT-0000,3387.303,3379.656,0.02,0.02
25.03.2021 09:10:57.511 GMT-0000,3386.1800000000003,3379.533,0.0075,0.02
25.03.2021 09:10:57.612 GMT-0000,3386.426,3380.451,0.02,0.02
25.03.2021 09:10:58.953 GMT-0000,3384.303,3380.451,0.02,0.02
25.03.2021 09:11:01.300 GMT-0000,3384.3440000000005,3378.656,0.02,0.02
25.03.2021 09:11:03.386 GMT-0000,3384.262,3379.656,0.02,0.0075
25.03.2021 09:11:07.106 GMT-0000,3384.303,3380.533,0.02,0.0075
25.03.2021 09:11:10.976 GMT-0000,3383,3379.5740000000005,0.02,0.02
25.03.2021 09:11:11.259 GMT-0000,3383.3440000000005,3380.533,0.02,0.0075
25.03.2021 09:11:11.309 GMT-0000,3384.3440000000005,3380.533,0.02,0.02
25.03.2021 09:11:15.815 GMT-0000,3384.303,3381.5740000000005,0.02,0.0075
25.03.2021 09:11:18.536 GMT-0000,3386.508,3384.5740000000005,0.02,0.02
25.03.2021 09:11:19.176 GMT-0000,3386.1800000000003,3383.451,0.02,0.02
25.03.2021 09:11:19.948 GMT-0000,3386,3384.697,0.02,0.0075
25.03.2021 09:11:21.814 GMT-0000,3391,3384.5740000000005,0.02,0.02
25.03.2021 09:11:22.240 GMT-0000,3390.303,3384.6150000000002,0.0075,0.0075
25.03.2021 09:11:22.345 GMT-0000,3388.303,3383.738,0.02,0.02
25.03.2021 09:11:24.151 GMT-0000,3388.262,3384.82,0.02,0.0075
25.03.2021 09:11:24.202 GMT-0000,3388.508,3383.738,0.02,0.02
25.03.2021 09:11:24.426 GMT-0000,3390.467,3384,0.02,0.02
25.03.2021 09:11:33.107 GMT-0000,3388.1800000000003,3383.7790000000005,0.0075,0.02
25.03.2021 09:11:33.157 GMT-0000,3390.3440000000005,3383.656,0.02,0.02
25.03.2021 09:11:39.368 GMT-0000,3388.303,3383.738,0.0075,0.02
25.03.2021 09:11:41.269 GMT-0000,3388.467,3384.656,0.02,0.0075
25.03.2021 09:12:36.792 GMT-0000,3388.5490000000004,3387.7790000000005,0.0075,0.0075
25.03.2021 09:12:36.843 GMT-0000,3389.385,3387.6150000000002,0.02,0.02
25.03.2021 09:12:36.961 GMT-0000,3391.303,3387.82,0.02,0.02
25.03.2021 09:12:46.536 GMT-0000,3389.508,3387.7790000000005,0.0075,0.0075
25.03.2021 09:12:46.586 GMT-0000,3393.303,3385.82,0.02,0.02
25.03.2021 09:12:46.636 GMT-0000,3393,3386.697,0.02,0.02
25.03.2021 09:12:47.664 GMT-0000,3394.5490000000004,3386.7790000000005,0.02,0.02
25.03.2021 09:12:49.544 GMT-0000,3394.3440000000005,3387.451,0.02,0.0075
25.03.2021 09:12:50.597 GMT-0000,3394.262,3388.533,0.02,0.0075
25.03.2021 09:12:55.222 GMT-0000,3394.1800000000003,3389.738,0.02,0.02
25.03.2021 09:12:55.658 GMT-0000,3394.262,3391,0.02,0.02
25.03.2021 09:12:56.720 GMT-0000,3394.5490000000004,3391.492,0.0075,0.0075
25.03.2021 09:12:56.771 GMT-0000,3397.385,3392,0.02,0.02
25.03.2021 09:12:56.821 GMT-0000,3396.3440000000005,3390.492,0.02,0.02
25.03.2021 09:12:57.593 GMT-0000,3396,3391.533,0.02,0.0075
25.03.2021 09:13:26.273 GMT-0000,3396.303,3392.451,0.02,0.0075
25.03.2021 09:13:55.351 GMT-0000,3398.385,3393.451,0.02,0.02
25.03.2021 09:13:58.775 GMT-0000,3397.221,3393.492,0.0075,0.0075
25.03.2021 09:13:58.825 GMT-0000,3397.467,3389.533,0.02,0.02
25.03.2021 09:13:59.018 GMT-0000,3394.5490000000004,3389.492,0.0075,0.02
25.03.2021 09:14:15.691 GMT-0000,3392.5490000000004,3387.697,0.02,0.02
25.03.2021 09:14:15.834 GMT-0000,3395.426,3387.451,0.02,0.02
25.03.2021 09:14:27.497 GMT-0000,3388.5490000000004,3383.6150000000002,0.02,0.02
25.03.2021 09:14:27.547 GMT-0000,3390.303,3383.451,0.02,0.02
25.03.2021 09:14:27.750 GMT-0000,3388.5490000000004,3384,0.0075,0.02
25.03.2021 09:14:30.475 GMT-0000,3388.467,3385,0.02,0.02
25.03.2021 09:14:37.217 GMT-0000,3387.303,3383.738,0.02,0.02
25.03.2021 09:14:37.383 GMT-0000,3388.5490000000004,3383.82,0.02,0.02
25.03.2021 09:14:39.388 GMT-0000,3388.262,3382.7790000000005,0.02,0.02
25.03.2021 09:14:39.439 GMT-0000,3388.3440000000005,3381.451,0.02,0.02
25.03.2021 09:14:39.539 GMT-0000,3386.262,3381.738,0.02,0.02
25.03.2021 09:14:46.043 GMT-0000,3386,3383,0.02,0.0075
25.03.2021 09:14:46.093 GMT-0000,3388.3440000000005,3382.7790000000005,0.02,0.02
25.03.2021 09:14:47.392 GMT-0000,3387.303,3382.82,0.0075,0.02
25.03.2021 09:14:52.235 GMT-0000,3389.303,3382.82,0.02,0.02
25.03.2021 09:14:52.285 GMT-0000,3394.385,3387.738,0.02,0.02
25.03.2021 09:14:52.602 GMT-0000,3394.5490000000004,3386.738,0.02,0.02
25.03.2021 09:15:02.240 GMT-0000,3391.426,3386.533,0.0075,0.0075
25.03.2021 09:15:02.296 GMT-0000,3391.426,3385,0.02,0.02
25.03.2021 09:15:03.481 GMT-0000,3391,3385.656,0.0075,0.0075
25.03.2021 09:15:03.531 GMT-0000,3392.303,3384.492,0.02,0.02
25.03.2021 09:15:09.252 GMT-0000,3391,3385,0.0075,0.02
25.03.2021 09:15:09.845 GMT-0000,3390.1800000000003,3385.7790000000005,0.0075,0.0075
25.03.2021 09:15:09.946 GMT-0000,3391.262,3385.451,0.02,0.02
25.03.2021 09:15:11.110 GMT-0000,3390.426,3385,0.0075,0.02
25.03.2021 09:15:17.472 GMT-0000,3390.3440000000005,3385.6150000000002,0.02,0.02
25.03.2021 09:15:17.573 GMT-0000,3391.385,3385,0.02,0.02
25.03.2021 09:15:19.666 GMT-0000,3390.467,3384.697,0.02,0.02
25.03.2021 09:15:22.201 GMT-0000,3390.303,3385.738,0.02,0.02
25.03.2021 09:15:22.339 GMT-0000,3390.1800000000003,3385,0.02,0.02
25.03.2021 09:15:46.715 GMT-0000,3389.508,3384.697,0.0075,0.0075
25.03.2021 09:15:46.816 GMT-0000,3389,3383.738,0.02,0.02
25.03.2021 09:15:59.356 GMT-0000,3389.508,3384.697,0.02,0.02
25.03.2021 09:15:59.501 GMT-0000,3389.1800000000003,3384,0.02,0.02
25.03.2021 09:15:59.621 GMT-0000,3387.3440000000005,3383.7790000000005,0.0075,0.02
25.03.2021 09:15:59.772 GMT-0000,3389.5490000000004,3383.82,0.02,0.02
25.03.2021 09:16:00.278 GMT-0000,3389.221,3382.5740000000005,0.02,0.02
25.03.2021 09:16:01.772 GMT-0000,3387.426,3382.5740000000005,0.0075,0.0075
25.03.2021 09:16:01.823 GMT-0000,3388.467,3380.7790000000005,0.02,0.02
25.03.2021 09:16:03.866 GMT-0000,3385.385,3379.451,0.02,0.02
25.03.2021 09:16:03.975 GMT-0000,3387.467,3380.7790000000005,0.02,0.02
25.03.2021 09:16:11.521 GMT-0000,3387.385,3379.7790000000005,0.02,0.02
25.03.2021 09:16:12.608 GMT-0000,3387.467,3380.697,0.02,0.0075
25.03.2021 09:16:14.845 GMT-0000,3385.467,3380.533,0.0075,0.0075
25.03.2021 09:16:14.895 GMT-0000,3385.3440000000005,3377.738,0.02,0.02
25.03.2021 09:16:25.015 GMT-0000,3383.385,3377.6150000000002,0.0075,0.02
25.03.2021 09:16:26.636 GMT-0000,3381.262,3376.697,0.02,0.02
25.03.2021 09:16:27.188 GMT-0000,3383.221,3376.533,0.02,0.02
25.03.2021 09:16:29.548 GMT-0000,3383.1800000000003,3375.451,0.02,0.02
25.03.2021 09:16:29.633 GMT-0000,3383.508,3376.697,0.02,0.0075
25.03.2021 09:16:34.972 GMT-0000,3380.426,3376.533,0.0075,0.02
25.03.2021 09:16:40.464 GMT-0000,3380,3375.697,0.02,0.02
25.03.2021 09:16:43.057 GMT-0000,3379.262,3374.492,0.0075,0.02
25.03.2021 09:16:43.108 GMT-0000,3379.303,3373.738,0.02,0.02
25.03.2021 09:16:43.164 GMT-0000,3379.508,3378.75,0.0075,0.0075
25.03.2021 09:16:43.214 GMT-0000,3383.262,3378.5740000000005,0.02,0.02
25.03.2021 09:16:43.792 GMT-0000,3383,3379.6150000000002,0.02,0.0075
25.03.2021 09:16:46.555 GMT-0000,3385.1800000000003,3379.697,0.02,0.02
25.03.2021 09:17:09.197 GMT-0000,3385.262,3380.697,0.0075,0.0075
25.03.2021 09:17:09.247 GMT-0000,3388.221,3379.533,0.02,0.02
25.03.2021 09:17:09.298 GMT-0000,3384.467,3381.5740000000005,0.02,0.02
25.03.2021 09:17:09.348 GMT-0000,3387.303,3381.656,0.02,0.02
25.03.2021 09:17:09.528 GMT-0000,3384.262,3381.656,0.0075,0.02
25.03.2021 09:17:13.885 GMT-0000,3384.508,3381,0.02,0.02
25.03.2021 09:17:13.935 GMT-0000,3383.5490000000004,3380.451,0.02,0.02
25.03.2021 09:17:18.400 GMT-0000,3388.3440000000005,3382.6150000000002,0.02,0.02
25.03.2021 09:17:18.576 GMT-0000,3384.5,3382.6150000000002,0.0075,0.02
25.03.2021 09:17:18.627 GMT-0000,3388.1800000000003,3383,0.02,0.02
25.03.2021 09:17:18.775 GMT-0000,3384.5,3382.492,0.0075,0.02
25.03.2021 09:17:28.514 GMT-0000,3388.262,3382.82,0.02,0.02
25.03.2021 09:17:28.568 GMT-0000,3387.3440000000005,3382.533,0.0075,0.02
25.03.2021 09:17:28.669 GMT-0000,3384.508,3380,0.02,0.02
25.03.2021 09:17:28.719 GMT-0000,3384.508,3378.697,0.02,0.02
25.03.2021 09:17:40.426 GMT-0000,3386.426,3378.7790000000005,0.02,0.02
25.03.2021 09:17:40.527 GMT-0000,3388.467,3379.738,0.02,0.02
25.03.2021 09:17:40.620 GMT-0000,3388.262,3381.697,0.02,0.0075
25.03.2021 09:17:52.684 GMT-0000,3386.385,3381.5740000000005,0.0075,0.02
25.03.2021 09:17:53.572 GMT-0000,3386.303,3383.451,0.0075,0.0075
25.03.2021 09:17:53.623 GMT-0000,3388.221,3382.738,0.02,0.02
25.03.2021 09:17:53.739 GMT-0000,3390,3382.697,0.02,0.02
25.03.2021 09:17:53.837 GMT-0000,3390.221,3383.82,0.02,0.0075
25.03.2021 09:17:56.659 GMT-0000,3388.3440000000005,3383.6150000000002,0.0075,0.02
25.03.2021 09:17:56.710 GMT-0000,3390.221,3383.7790000000005,0.02,0.02
25.03.2021 09:18:31.180 GMT-0000,3389,3384.697,0.02,0.02
25.03.2021 09:18:31.281 GMT-0000,3388.262,3384.82,0.02,0.02
25.03.2021 09:18:32.236 GMT-0000,3388.385,3383.7790000000005,0.02,0.02
25.03.2021 09:18:38.740 GMT-0000,3387.262,3383.492,0.0075,0.02
25.03.2021 09:18:38.892 GMT-0000,3388.1800000000003,3383.533,0.02,0.02
25.03.2021 09:18:41.158 GMT-0000,3389.1800000000003,3383.7790000000005,0.02,0.02
25.03.2021 09:18:42.368 GMT-0000,3388.5490000000004,3383.492,0.02,0.02
25.03.2021 09:18:45.096 GMT-0000,3389.426,3383.738,0.02,0.02
25.03.2021 09:18:45.196 GMT-0000,3389.3440000000005,3385,0.02,0.02
25.03.2021 09:18:49.097 GMT-0000,3390.5490000000004,3384.492,0.02,0.02
25.03.2021 09:18:49.680 GMT-0000,3390.1800000000003,3386.738,0.02,0.02
25.03.2021 09:18:49.800 GMT-0000,3389.508,3384.656,0.02,0.02
25.03.2021 09:18:51.359 GMT-0000,3389.467,3385.697,0.02,0.02
25.03.2021 09:18:52.519 GMT-0000,3389.221,3384.738,0.02,0.02
25.03.2021 09:18:55.741 GMT-0000,3390.262,3385.82,0.02,0.02
25.03.2021 09:18:56.391 GMT-0000,3390.385,3387.451,0.02,0.02
25.03.2021 09:18:57.696 GMT-0000,3392.467,3387.82,0.02,0.02
25.03.2021 09:18:59.180 GMT-0000,3392,3388.492,0.0075,0.0075
25.03.2021 09:18:59.231 GMT-0000,3393.385,3388.492,0.02,0.02
25.03.2021 09:19:00.703 GMT-0000,3390.467,3388.82,0.0075,0.0075
25.03.2021 09:19:00.754 GMT-0000,3389.426,3383.6150000000002,0.02,0.02
25.03.2021 09:19:00.854 GMT-0000,3390.3440000000005,3382.82,0.02,0.02
25.03.2021 09:19:01.181 GMT-0000,3390.5490000000004,3383.738,0.02,0.0075
25.03.2021 09:19:01.282 GMT-0000,3388.426,3382.7790000000005,0.02,0.02
25.03.2021 09:19:01.388 GMT-0000,3389.303,3383.5740000000005,0.02,0.02
25.03.2021 09:19:01.784 GMT-0000,3388.508,3383.533,0.0075,0.0075
25.03.2021 09:19:01.834 GMT-0000,3388.303,3382.492,0.02,0.02
25.03.2021 09:19:01.972 GMT-0000,3388.303,3381.697,0.0075,0.02
25.03.2021 09:19:03.694 GMT-0000,3389.221,3382.533,0.02,0.0075
25.03.2021 09:19:03.996 GMT-0000,3387.508,3382.451,0.0075,0.02
25.03.2021 09:19:04.046 GMT-0000,3388.303,3382.492,0.02,0.02
25.03.2021 09:19:05.189 GMT-0000,3388.221,3384.82,0.02,0.0075
25.03.2021 09:19:05.239 GMT-0000,3389.303,3384.451,0.02,0.02
25.03.2021 09:19:05.290 GMT-0000,3389.221,3383.492,0.02,0.02
25.03.2021 09:19:13.424 GMT-0000,3389.3440000000005,3386,0.02,0.0075
25.03.2021 09:19:13.577 GMT-0000,3389.385,3384.533,0.02,0.02
25.03.2021 09:19:13.686 GMT-0000,3391.221,3384.492,0.02,0.02
25.03.2021 09:19:14.601 GMT-0000,3391.262,3385.697,0.02,0.0075
25.03.2021 09:19:14.651 GMT-0000,3391.3440000000005,3384.656,0.02,0.02
25.03.2021 09:19:14.776 GMT-0000,3391.385,3385.82,0.02,0.0075
25.03.2021 09:19:16.711 GMT-0000,3392.426,3386.7790000000005,0.02,0.02
25.03.2021 09:19:21.047 GMT-0000,3391.1800000000003,3386.451,0.02,0.02
25.03.2021 09:19:22.288 GMT-0000,3391.221,3388.738,0.02,0.0075
25.03.2021 09:19:22.339 GMT-0000,3391.508,3387.697,0.02,0.02
25.03.2021 09:19:22.604 GMT-0000,3391.303,3388.7790000000005,0.02,0.0075
25.03.2021 09:19:38.936 GMT-0000,3391.5490000000004,3387.451,0.02,0.02
25.03.2021 09:19:38.987 GMT-0000,3392.508,3389.533,0.02,0.02
25.03.2021 09:19:41.055 GMT-0000,3394.508,3390,0.02,0.02
25.03.2021 09:19:41.593 GMT-0000,3395.467,3389.451,0.02,0.02
25.03.2021 09:19:41.643 GMT-0000,3395.385,3390.533,0.02,0.02
25.03.2021 09:19:42.275 GMT-0000,3394.385,3390.451,0.02,0.02
25.03.2021 09:19:45.260 GMT-0000,3396.426,3391.533,0.02,0.02
25.03.2021 09:19:46.647 GMT-0000,3396.508,3392.697,0.02,0.02
25.03.2021 09:19:49.371 GMT-0000,3395.385,3392.492,0.0075,0.0075
25.03.2021 09:19:49.421 GMT-0000,3395.1800000000003,3390.82,0.02,0.02
25.03.2021 09:19:52.243 GMT-0000,3394,3390.6150000000002,0.0075,0.02
25.03.2021 09:19:56.972 GMT-0000,3394.1800000000003,3391.6150000000002,0.0075,0.0075
25.03.2021 09:19:57.022 GMT-0000,3396.221,3391.697,0.02,0.02
25.03.2021 09:19:57.123 GMT-0000,3396.467,3392.7790000000005,0.02,0.02
25.03.2021 09:19:58.361 GMT-0000,3397.3440000000005,3392.6150000000002,0.02,0.02
25.03.2021 09:19:59.928 GMT-0000,3396.426,3392.656,0.0075,0.02
25.03.2021 09:20:00.210 GMT-0000,3397.5490000000004,3392.656,0.02,0.02
25.03.2021 09:20:00.605 GMT-0000,3396.385,3392.533,0.0075,0.02
25.03.2021 09:20:00.873 GMT-0000,3397.5490000000004,3392.656,0.02,0.02
25.03.2021 09:20:00.974 GMT-0000,3397.385,3393.738,0.02,0.02
25.03.2021 09:20:01.435 GMT-0000,3398.467,3393.82,0.02,0.02
25.03.2021 09:20:01.892 GMT-0000,3397.262,3393.533,0.0075,0.02
25.03.2021 09:20:03.211 GMT-0000,3397.303,3392.82,0.02,0.02
25.03.2021 09:20:09.438 GMT-0000,3398.1800000000003,3393.697,0.02,0.02
25.03.2021 09:20:11.635 GMT-0000,3399.1800000000003,3395,0.02,0.02
25.03.2021 09:20:16.423 GMT-0000,3400.5490000000004,3394.533,0.02,0.02
25.03.2021 09:20:16.473 GMT-0000,3400.3440000000005,3396.6150000000002,0.02,0.02
25.03.2021 09:20:20.076 GMT-0000,3401.5490000000004,3397.656,0.02,0.02
25.03.2021 09:20:22.721 GMT-0000,3402,3397.7790000000005,0.02,0.02
25.03.2021 09:20:27.608 GMT-0000,3402.3440000000005,3398.5740000000005,0.02,0.0075
25.03.2021 09:20:30.698 GMT-0000,3401.385,3398.492,0.0075,0.0075
25.03.2021 09:20:30.749 GMT-0000,3401.262,3397.533,0.02,0.02
25.03.2021 09:20:32.371 GMT-0000,3402.262,3397.697,0.02,0.02
25.03.2021 09:20:32.883 GMT-0000,3401.467,3397.738,0.0075,0.02
25.03.2021 09:20:34.856 GMT-0000,3400.467,3397.451,0.0075,0.0075
25.03.2021 09:20:34.906 GMT-0000,3401.467,3396.738,0.02,0.02
25.03.2021 09:20:38.408 GMT-0000,3399.3440000000005,3396.5740000000005,0.0075,0.0075
25.03.2021 09:20:38.458 GMT-0000,3399.303,3394.533,0.02,0.02
25.03.2021 09:20:38.508 GMT-0000,3398.5490000000004,3394.738,0.02,0.02
25.03.2021 09:20:39.612 GMT-0000,3398.303,3393.533,0.02,0.02
25.03.2021 09:20:40.176 GMT-0000,3398.467,3394.6150000000002,0.02,0.0075
25.03.2021 09:21:00.740 GMT-0000,3399.5490000000004,3395.533,0.02,0.02
25.03.2021 09:21:08.308 GMT-0000,3397.385,3396,0.0075,0.0075
25.03.2021 09:21:08.358 GMT-0000,3396.5490000000004,3389.82,0.02,0.02
25.03.2021 09:21:08.459 GMT-0000,3396.303,3392.7790000000005,0.02,0.02
25.03.2021 09:21:09.111 GMT-0000,3395.5490000000004,3393,0.0075,0.0075
25.03.2021 09:21:09.162 GMT-0000,3395.262,3390.6150000000002,0.02,0.02
25.03.2021 09:22:04.019 GMT-0000,3395.1800000000003,3391.5740000000005,0.02,0.02
25.03.2021 09:23:47.772 GMT-0000,3395.426,3389.656,0.02,0.02
25.03.2021 09:23:47.822 GMT-0000,3393.385,3387.656,0.02,0.02
25.03.2021 09:23:47.988 GMT-0000,3391.508,3385.533,0.02,0.02
25.03.2021 09:23:48.142 GMT-0000,3390.385,3385.697,0.0075,0.02
25.03.2021 09:23:48.242 GMT-0000,3390.262,3383.7790000000005,0.02,0.02
25.03.2021 09:23:50.723 GMT-0000,3390.508,3384.656,0.02,0.0075
25.03.2021 09:23:59.111 GMT-0000,3390.303,3386,0.02,0.0075
25.03.2021 09:25:19.801 GMT-0000,3388.508,3385.6150000000002,0.0075,0.0075
25.03.2021 09:25:19.851 GMT-0000,3388.3440000000005,3382.6150000000002,0.02,0.02
25.03.2021 09:25:24.576 GMT-0000,3388.1800000000003,3383.82,0.02,0.0075
25.03.2021 09:25:33.623 GMT-0000,3387,3383.738,0.0075,0.0075
25.03.2021 09:25:33.673 GMT-0000,3385.426,3379.533,0.02,0.02
25.03.2021 09:25:33.773 GMT-0000,3383.262,3376.492,0.02,0.02
25.03.2021 09:25:33.832 GMT-0000,3382.426,3376.82,0.0075,0.02
25.03.2021 09:25:34.499 GMT-0000,3381.5490000000004,3374.7790000000005,0.02,0.02
25.03.2021 09:25:36.626 GMT-0000,3381.262,3375.656,0.02,0.0075
25.03.2021 09:25:41.728 GMT-0000,3381.426,3377.451,0.02,0.0075
25.03.2021 09:25:42.098 GMT-0000,3381.3440000000005,3377,0.02,0.02
25.03.2021 09:25:46.172 GMT-0000,3381.508,3380.656,0.0075,0.0075
25.03.2021 09:25:46.223 GMT-0000,3385.467,3380.6150000000002,0.02,0.02
25.03.2021 09:25:46.273 GMT-0000,3383.3440000000005,3380.492,0.02,0.02
25.03.2021 09:25:46.822 GMT-0000,3383.303,3379.5740000000005,0.02,0.02
25.03.2021 09:25:57.888 GMT-0000,3383,3380.7790000000005,0.02,0.0075
25.03.2021 09:26:02.376 GMT-0000,3385.5490000000004,3380.6150000000002,0.02,0.02
25.03.2021 09:26:03.474 GMT-0000,3385.221,3381.451,0.02,0.0075
25.03.2021 09:26:03.525 GMT-0000,3386.303,3380.697,0.02,0.02
25.03.2021 09:26:03.575 GMT-0000,3386.385,3381.492,0.02,0.02
25.03.2021 09:26:07.658 GMT-0000,3387.5490000000004,3381.697,0.02,0.02
25.03.2021 09:26:07.709 GMT-0000,3387.5490000000004,3382.451,0.02,0.02
25.03.2021 09:26:08.585 GMT-0000,3387.385,3385.6150000000002,0.0075,0.0075
25.03.2021 09:26:08.635 GMT-0000,3391.262,3385.5740000000005,0.02,0.02
25.03.2021 09:26:08.686 GMT-0000,3391.467,3386.7790000000005,0.02,0.02
25.03.2021 09:26:09.279 GMT-0000,3391.262,3388,0.02,0.02
25.03.2021 09:26:09.523 GMT-0000,3390.303,3387.5740000000005,0.0075,0.02
25.03.2021 09:26:11.580 GMT-0000,3390.508,3386.7790000000005,0.02,0.02
25.03.2021 09:26:11.680 GMT-0000,3389.426,3386.6150000000002,0.02,0.02
25.03.2021 09:26:11.899 GMT-0000,3389.3440000000005,3385.451,0.02,0.02
25.03.2021 09:26:17.165 GMT-0000,3390.385,3385.451,0.02,0.02
25.03.2021 09:26:27.527 GMT-0000,3390.221,3387.656,0.0075,0.0075
25.03.2021 09:26:27.577 GMT-0000,3393.426,3387.533,0.02,0.02
25.03.2021 09:26:27.628 GMT-0000,3393.221,3388.738,0.02,0.02
25.03.2021 09:26:30.062 GMT-0000,3392,3388.7790000000005,0.0075,0.02
25.03.2021 09:26:30.238 GMT-0000,3393.508,3389,0.02,0.02
25.03.2021 09:26:30.860 GMT-0000,3394.426,3388.6150000000002,0.02,0.02
25.03.2021 09:26:31.342 GMT-0000,3393.3440000000005,3388.533,0.0075,0.02
25.03.2021 09:26:31.598 GMT-0000,3394.221,3388.492,0.02,0.02
25.03.2021 09:26:33.590 GMT-0000,3394.385,3389.6150000000002,0.02,0.02
25.03.2021 09:26:42.839 GMT-0000,3393.508,3389.656,0.0075,0.02
25.03.2021 09:26:43.543 GMT-0000,3393.508,3388.738,0.02,0.02
25.03.2021 09:26:51.471 GMT-0000,3394.1800000000003,3388.533,0.02,0.02
25.03.2021 09:26:54.725 GMT-0000,3393.221,3388.697,0.0075,0.02
25.03.2021 09:27:03.049 GMT-0000,3394.3440000000005,3388.533,0.02,0.02
25.03.2021 09:27:05.493 GMT-0000,3393.3440000000005,3388.82,0.0075,0.02
25.03.2021 09:27:12.759 GMT-0000,3394.303,3388.5740000000005,0.02,0.02
25.03.2021 09:27:14.312 GMT-0000,3393.3440000000005,3388.533,0.0075,0.02
25.03.2021 09:27:16.389 GMT-0000,3392.262,3388.5740000000005,0.0075,0.0075
25.03.2021 09:27:16.439 GMT-0000,3392.426,3387.6150000000002,0.02,0.02
25.03.2021 09:27:32.356 GMT-0000,3390.385,3387.738,0.0075,0.0075
25.03.2021 09:27:32.406 GMT-0000,3389.221,3381.656,0.02,0.02
25.03.2021 09:27:35.372 GMT-0000,3389.467,3382.697,0.02,0.0075
25.03.2021 09:27:38.513 GMT-0000,3387.303,3382.451,0.0075,0.02
25.03.2021 09:27:38.878 GMT-0000,3388.3440000000005,3382.82,0.02,0.02
25.03.2021 09:27:47.997 GMT-0000,3386.221,3382.492,0.0075,0.0075
25.03.2021 09:27:48.047 GMT-0000,3387.5490000000004,3381.656,0.02,0.02
25.03.2021 09:27:48.176 GMT-0000,3385.508,3381.697,0.0075,0.0075
25.03.2021 09:27:48.226 GMT-0000,3385.508,3380.82,0.02,0.02
25.03.2021 09:27:48.277 GMT-0000,3386.5490000000004,3380.451,0.02,0.02
25.03.2021 09:27:53.315 GMT-0000,3386.303,3381.82,0.02,0.0075
25.03.2021 09:28:00.339 GMT-0000,3386.467,3382.7790000000005,0.02,0.02
25.03.2021 09:28:01.294 GMT-0000,3386.221,3381.5740000000005,0.02,0.02
25.03.2021 09:28:06.922 GMT-0000,3386.508,3382.492,0.02,0.0075
25.03.2021 09:28:08.669 GMT-0000,3386.303,3383.6150000000002,0.0075,0.0075
25.03.2021 09:28:08.719 GMT-0000,3389.303,3383.7790000000005,0.02,0.02
25.03.2021 09:28:09.433 GMT-0000,3389.221,3384.738,0.02,0.02
25.03.2021 09:28:09.483 GMT-0000,3390,3384.697,0.02,0.02
25.03.2021 09:28:11.511 GMT-0000,3389.5490000000004,3385,0.0075,0.02
25.03.2021 09:28:13.377 GMT-0000,3388.508,3384.82,0.0075,0.02
25.03.2021 09:28:13.482 GMT-0000,3389.262,3385,0.02,0.02
25.03.2021 09:28:20.931 GMT-0000,3390.467,3384.6150000000002,0.02,0.02
25.03.2021 09:28:20.982 GMT-0000,3389.5490000000004,3385,0.02,0.02
25.03.2021 09:28:21.377 GMT-0000,3390,3385,0.02,0.02
25.03.2021 09:28:21.961 GMT-0000,3390.262,3386.82,0.0075,0.0075
25.03.2021 09:28:22.012 GMT-0000,3393.262,3386.738,0.02,0.02
25.03.2021 09:28:22.255 GMT-0000,3393.262,3388.492,0.02,0.0075
25.03.2021 09:28:22.518 GMT-0000,3392.5490000000004,3388.7790000000005,0.0075,0.02
25.03.2021 09:28:27.111 GMT-0000,3391.3440000000005,3388.738,0.0075,0.02
25.03.2021 09:28:34.096 GMT-0000,3392.221,3389.697,0.02,0.02
25.03.2021 09:28:34.430 GMT-0000,3392.3440000000005,3388.533,0.02,0.02
25.03.2021 09:28:42.154 GMT-0000,3390.3440000000005,3385,0.02,0.02
25.03.2021 09:28:42.205 GMT-0000,3391.426,3384.5740000000005,0.02,0.02
25.03.2021 09:28:42.255 GMT-0000,3391.3440000000005,3385.533,0.02,0.02
25.03.2021 09:28:42.616 GMT-0000,3391.3440000000005,3386.6150000000002,0.02,0.0075
25.03.2021 09:28:43.226 GMT-0000,3391.303,3387.7790000000005,0.02,0.02
25.03.2021 09:28:43.357 GMT-0000,3391.508,3388.533,0.02,0.02
25.03.2021 09:28:43.712 GMT-0000,3390.3440000000005,3388.656,0.0075,0.0075
25.03.2021 09:28:43.763 GMT-0000,3390.1800000000003,3384.6150000000002,0.02,0.02
25.03.2021 09:28:43.828 GMT-0000,3391.5490000000004,3385,0.02,0.02
25.03.2021 09:28:43.911 GMT-0000,3391.508,3385.451,0.02,0.0075
25.03.2021 09:28:44.062 GMT-0000,3391.1800000000003,3386.6150000000002,0.02,0.02
25.03.2021 09:28:46.723 GMT-0000,3391.426,3387.533,0.02,0.0075
25.03.2021 09:29:04.689 GMT-0000,3391.426,3388.697,0.02,0.02
25.03.2021 09:29:04.830 GMT-0000,3391.385,3387.7790000000005,0.02,0.02
25.03.2021 09:29:05.857 GMT-0000,3391.467,3388.738,0.02,0.0075
25.03.2021 09:29:06.691 GMT-0000,3391.3440000000005,3390.451,0.0075,0.0075
25.03.2021 09:29:06.741 GMT-0000,3392.262,3390.82,0.02,0.02
25.03.2021 09:29:06.842 GMT-0000,3392,3389.451,0.02,0.02
25.03.2021 09:29:07.035 GMT-0000,3392.467,3387.7790000000005,0.02,0.02
25.03.2021 09:29:07.303 GMT-0000,3391.385,3387.533,0.0075,0.02
25.03.2021 09:29:15.722 GMT-0000,3390.426,3386.656,0.02,0.02
25.03.2021 09:29:15.772 GMT-0000,3391.426,3386.492,0.02,0.02
25.03.2021 09:29:16.306 GMT-0000,3389.1800000000003,3386.656,0.0075,0.0075
25.03.2021 09:29:16.357 GMT-0000,3389.508,3384.451,0.02,0.02
25.03.2021 09:29:26.572 GMT-0000,3389.262,3385.697,0.02,0.0075
25.03.2021 09:29:31.876 GMT-0000,3392.426,3386.492,0.02,0.02
25.03.2021 09:29:32.093 GMT-0000,3392.3440000000005,3387.7790000000005,0.02,0.0075
25.03.2021 09:29:32.419 GMT-0000,3392.5490000000004,3388.656,0.02,0.02
25.03.2021 09:29:32.614 GMT-0000,3392.385,3387.656,0.02,0.02
25.03.2021 09:29:38.341 GMT-0000,3392.508,3388.533,0.02,0.0075
25.03.2021 09:29:43.841 GMT-0000,3390.1800000000003,3388.82,0.0075,0.0075
25.03.2021 09:29:43.891 GMT-0000,3391.262,3385.5740000000005,0.02,0.02
25.03.2021 09:29:44.393 GMT-0000,3391.385,3386.656,0.0075,0.0075
25.03.2021 09:29:44.443 GMT-0000,3392.1800000000003,3386.82,0.02,0.02
25.03.2021 09:29:47.984 GMT-0000,3392.1800000000003,3387.738,0.02,0.0075
25.03.2021 09:29:48.085 GMT-0000,3392.426,3386.7790000000005,0.02,0.02
25.03.2021 09:29:50.626 GMT-0000,3392.221,3388.7790000000005,0.02,0.02
25.03.2021 09:29:51.400 GMT-0000,3392.467,3389.5740000000005,0.02,0.02
25.03.2021 09:29:52.172 GMT-0000,3393.385,3389.7790000000005,0.02,0.02
25.03.2021 09:29:52.222 GMT-0000,3394.426,3391,0.02,0.02
25.03.2021 09:29:54.517 GMT-0000,3395.426,3390.697,0.02,0.02
25.03.2021 09:29:54.599 GMT-0000,3396.385,3390.6150000000002,0.02,0.02
25.03.2021 09:29:55.176 GMT-0000,3395.221,3390.656,0.0075,0.02
25.03.2021 09:30:06.712 GMT-0000,3395.385,3391.451,0.0075,0.0075
25.03.2021 09:30:06.762 GMT-0000,3396.467,3391.697,0.02,0.02
25.03.2021 09:30:06.812 GMT-0000,3395.426,3391.656,0.02,0.02
25.03.2021 09:30:20.461 GMT-0000,3396.467,3391.738,0.02,0.02
25.03.2021 09:30:21.594 GMT-0000,3396.1800000000003,3392.451,0.02,0.0075
25.03.2021 09:30:22.565 GMT-0000,3397,3392.656,0.02,0.02
25.03.2021 09:30:22.616 GMT-0000,3397.467,3393.656,0.02,0.02
25.03.2021 09:30:23.026 GMT-0000,3397.221,3395,0.02,0.02
25.03.2021 09:30:23.362 GMT-0000,3397.5490000000004,3393.82,0.02,0.02
25.03.2021 09:30:24.132 GMT-0000,3398.303,3395,0.02,0.02
25.03.2021 09:30:26.677 GMT-0000,3399.426,3395.656,0.02,0.02
25.03.2021 09:30:28.921 GMT-0000,3400.426,3395.7790000000005,0.02,0.02
25.03.2021 09:30:30.857 GMT-0000,3399.467,3395.533,0.0075,0.0075
25.03.2021 09:30:30.908 GMT-0000,3397.1800000000003,3392.492,0.02,0.02
25.03.2021 09:30:36.910 GMT-0000,3395.221,3390,0.02,0.02
25.03.2021 09:30:37.103 GMT-0000,3393.5490000000004,3389.533,0.02,0.02
25.03.2021 09:30:37.384 GMT-0000,3393.5490000000004,3390.656,0.0075,0.0075
25.03.2021 09:30:37.434 GMT-0000,3396.303,3390.5740000000005,0.02,0.02
25.03.2021 09:30:43.384 GMT-0000,3396.426,3391.5740000000005,0.02,0.0075
25.03.2021 09:30:43.485 GMT-0000,3395.221,3391.6150000000002,0.02,0.02
25.03.2021 09:30:45.698 GMT-0000,3393.1800000000003,3391.451,0.0075,0.0075
25.03.2021 09:30:45.748 GMT-0000,3391.5490000000004,3384.492,0.02,0.02
25.03.2021 09:30:45.799 GMT-0000,3392.508,3387.738,0.02,0.02
25.03.2021 09:30:46.311 GMT-0000,3391.426,3387.6150000000002,0.0075,0.02
25.03.2021 09:30:51.180 GMT-0000,3391.303,3388.82,0.02,0.0075
25.03.2021 09:30:56.558 GMT-0000,3391.221,3389.697,0.02,0.02
25.03.2021 09:30:56.840 GMT-0000,3391.1800000000003,3388.656,0.02,0.02
25.03.2021 09:30:56.984 GMT-0000,3392.303,3389.5740000000005,0.02,0.02
25.03.2021 09:30:57.691 GMT-0000,3393.262,3389.492,0.02,0.0075
25.03.2021 09:30:59.078 GMT-0000,3393.385,3388.533,0.02,0.02
25.03.2021 09:31:01.703 GMT-0000,3394.385,3389.697,0.02,0.02
25.03.2021 09:31:04.111 GMT-0000,3391.262,3389.7790000000005,0.0075,0.0075
25.03.2021 09:31:04.162 GMT-0000,3391.3440000000005,3385.5740000000005,0.02,0.02
25.03.2021 09:31:04.262 GMT-0000,3391.426,3386.5740000000005,0.02,0.02
25.03.2021 09:31:08.086 GMT-0000,3389.5490000000004,3386.82,0.0075,0.0075
25.03.2021 09:31:08.136 GMT-0000,3389.508,3386,0.02,0.02
25.03.2021 09:31:08.187 GMT-0000,3390.385,3385.533,0.02,0.02
25.03.2021 09:31:13.637 GMT-0000,3388,3386,0.0075,0.02
25.03.2021 09:31:15.158 GMT-0000,3387.5490000000004,3385.451,0.0075,0.0075
25.03.2021 09:31:15.208 GMT-0000,3388.385,3384.82,0.02,0.02
25.03.2021 09:31:15.259 GMT-0000,3387.385,3384.533,0.02,0.02
25.03.2021 09:31:15.309 GMT-0000,3388.262,3384.451,0.02,0.02
25.03.2021 09:31:15.511 GMT-0000,3386.385,3384.7790000000005,0.0075,0.0075
25.03.2021 09:31:15.562 GMT-0000,3386.221,3381.697,0.02,0.02
25.03.2021 09:31:16.721 GMT-0000,3387.5490000000004,3381.697,0.0075,0.02
25.03.2021 09:31:16.772 GMT-0000,3388.3440000000005,3381.492,0.02,0.02
25.03.2021 09:31:18.250 GMT-0000,3387.467,3381.738,0.0075,0.02
25.03.2021 09:31:18.351 GMT-0000,3388.467,3381.451,0.02,0.02
25.03.2021 09:31:19.176 GMT-0000,3388.508,3382.6150000000002,0.02,0.0075
25.03.2021 09:31:24.204 GMT-0000,3388.426,3384.738,0.02,0.0075
25.03.2021 09:31:24.305 GMT-0000,3388.303,3382.533,0.02,0.02
25.03.2021 09:31:24.523 GMT-0000,3388.467,3384.656,0.02,0.0075
25.03.2021 09:31:35.020 GMT-0000,3387.221,3384.6150000000002,0.0075,0.02
