Local time,Ask,Bid,AskVolume,BidVolume
31.03.2021 08:00:30.716 GMT+0100,3451.262,3422.82,0.02,0.02
31.03.2021 08:00:37.573 GMT+0100,3455.3440000000005,3427.7790000000005,0.02,0.0075
31.03.2021 08:00:39.063 GMT+0100,3455.508,3429.533,0.02,0.0075
31.03.2021 08:00:43.945 GMT+0100,3455.426,3435.451,0.0075,0.0075
31.03.2021 08:00:43.996 GMT+0100,3463.303,3435.738,0.02,0.02
31.03.2021 08:00:44.455 GMT+0100,3457.262,3435.656,0.0075,0.02
31.03.2021 08:00:44.628 GMT+0100,3454.5490000000004,3435.6150000000002,0.0075,0.02
31.03.2021 08:00:48.573 GMT+0100,3451.508,3431.492,0.02,0.02
31.03.2021 08:00:49.564 GMT+0100,3454.508,3431.697,0.02,0.02
31.03.2021 08:01:10.035 GMT+0100,3454.5490000000004,3432.7790000000005,0.02,0.0075
31.03.2021 08:01:18.523 GMT+0100,3454.508,3431.451,0.02,0.02
31.03.2021 08:01:21.176 GMT+0100,3454.3440000000005,3432.656,0.02,0.02
31.03.2021 08:01:22.255 GMT+0100,3454.467,3431.738,0.02,0.02
31.03.2021 08:01:23.760 GMT+0100,3454.262,3432.738,0.02,0.0075
31.03.2021 08:01:33.463 GMT+0100,3454.467,3434.82,0.02,0.0075
31.03.2021 08:02:04.907 GMT+0100,3456.508,3437.5740000000005,0.02,0.02
31.03.2021 08:02:12.219 GMT+0100,3456.262,3440.451,0.02,0.0075
31.03.2021 08:02:21.784 GMT+0100,3457.467,3440.5740000000005,0.02,0.02
31.03.2021 08:02:22.434 GMT+0100,3463.303,3443.6150000000002,0.02,0.02
31.03.2021 08:02:22.606 GMT+0100,3466.221,3443.6150000000002,0.02,0.02
31.03.2021 08:02:23.072 GMT+0100,3466.1800000000003,3444.656,0.02,0.0075
31.03.2021 08:02:26.285 GMT+0100,3468.262,3444.533,0.02,0.02
31.03.2021 08:02:27.027 GMT+0100,3466.426,3444.451,0.02,0.02
31.03.2021 08:02:29.784 GMT+0100,3468,3444.82,0.02,0.02
31.03.2021 08:02:30.024 GMT+0100,3463.426,3446.7790000000005,0.0075,0.0075
31.03.2021 08:02:30.074 GMT+0100,3463.3440000000005,3446,0.02,0.02
31.03.2021 08:02:36.302 GMT+0100,3463.508,3445,0.02,0.02
31.03.2021 08:02:44.341 GMT+0100,3463.262,3446.7790000000005,0.02,0.02
31.03.2021 08:02:45.760 GMT+0100,3463.5490000000004,3450.6150000000002,0.02,0.0075
31.03.2021 08:02:49.856 GMT+0100,3465.262,3450.5740000000005,0.02,0.02
31.03.2021 08:02:59.760 GMT+0100,3467.262,3450.5740000000005,0.02,0.02
31.03.2021 08:03:20.609 GMT+0100,3465.508,3450.492,0.0075,0.02
31.03.2021 08:03:21.003 GMT+0100,3465.385,3451.6150000000002,0.02,0.0075
31.03.2021 08:03:21.053 GMT+0100,3466.262,3451.656,0.02,0.02
31.03.2021 08:03:21.418 GMT+0100,3466.5490000000004,3450.82,0.02,0.02
31.03.2021 08:03:36.380 GMT+0100,3464.426,3450.738,0.0075,0.02
31.03.2021 08:03:36.480 GMT+0100,3458.1800000000003,3443,0.02,0.02
31.03.2021 08:03:38.266 GMT+0100,3458.5490000000004,3441.5740000000005,0.02,0.02
31.03.2021 08:03:38.564 GMT+0100,3458.5490000000004,3443.6150000000002,0.02,0.0075
31.03.2021 08:03:41.898 GMT+0100,3459.426,3443.697,0.02,0.02
31.03.2021 08:03:46.057 GMT+0100,3459.467,3445.738,0.02,0.02
31.03.2021 08:03:46.107 GMT+0100,3459.5490000000004,3443.451,0.02,0.02
31.03.2021 08:03:46.584 GMT+0100,3459.467,3441.533,0.02,0.02
31.03.2021 08:04:00.254 GMT+0100,3459.3440000000005,3443.82,0.02,0.02
31.03.2021 08:04:00.364 GMT+0100,3459.508,3451,0.0075,0.0075
31.03.2021 08:04:00.464 GMT+0100,3468,3452.697,0.02,0.02
31.03.2021 08:04:00.515 GMT+0100,3468.508,3451.82,0.02,0.02
31.03.2021 08:04:00.626 GMT+0100,3468,3450.697,0.02,0.02
31.03.2021 08:04:02.449 GMT+0100,3464.262,3450.451,0.02,0.02
31.03.2021 08:04:03.346 GMT+0100,3462.467,3449.656,0.02,0.02
31.03.2021 08:04:03.396 GMT+0100,3462.467,3447.7790000000005,0.02,0.02
31.03.2021 08:04:08.624 GMT+0100,3462.1800000000003,3450.451,0.02,0.0075
31.03.2021 08:04:23.445 GMT+0100,3461.3440000000005,3450.82,0.0075,0.02
31.03.2021 08:04:23.554 GMT+0100,3459.426,3450.492,0.02,0.0075
31.03.2021 08:04:23.655 GMT+0100,3458.221,3449.6150000000002,0.02,0.02
31.03.2021 08:04:46.183 GMT+0100,3458.262,3450.656,0.02,0.0075
31.03.2021 08:04:46.234 GMT+0100,3458.262,3449.533,0.02,0.02
31.03.2021 08:04:46.284 GMT+0100,3457.508,3450,0.02,0.02
31.03.2021 08:05:00.388 GMT+0100,3456.303,3449.6150000000002,0.0075,0.02
31.03.2021 08:05:08.168 GMT+0100,3455.221,3449.82,0.02,0.02
31.03.2021 08:05:10.758 GMT+0100,3455.385,3450.451,0.0075,0.0075
31.03.2021 08:05:10.808 GMT+0100,3466.385,3452.656,0.02,0.02
31.03.2021 08:05:11.777 GMT+0100,3466,3453.82,0.0075,0.0075
31.03.2021 08:05:11.827 GMT+0100,3469.5490000000004,3453.492,0.02,0.02
31.03.2021 08:05:13.760 GMT+0100,3467.3440000000005,3453.533,0.0075,0.02
31.03.2021 08:05:13.811 GMT+0100,3467.385,3452.533,0.02,0.02
31.03.2021 08:05:15.844 GMT+0100,3467,3455.5740000000005,0.02,0.02
31.03.2021 08:05:15.894 GMT+0100,3468.3440000000005,3455.5740000000005,0.02,0.02
31.03.2021 08:05:17.274 GMT+0100,3467.221,3455.7790000000005,0.0075,0.0075
31.03.2021 08:05:17.325 GMT+0100,3467,3454.492,0.02,0.02
31.03.2021 08:05:18.492 GMT+0100,3467.221,3455.82,0.02,0.0075
31.03.2021 08:05:19.768 GMT+0100,3466.508,3455.6150000000002,0.0075,0.02
31.03.2021 08:05:19.818 GMT+0100,3468.508,3455.7790000000005,0.02,0.02
31.03.2021 08:05:28.497 GMT+0100,3467.5490000000004,3455.697,0.02,0.02
31.03.2021 08:05:40.533 GMT+0100,3461.426,3455.7790000000005,0.0075,0.0075
31.03.2021 08:05:40.583 GMT+0100,3461.426,3449.697,0.02,0.02
31.03.2021 08:05:40.944 GMT+0100,3461.385,3450.656,0.02,0.0075
31.03.2021 08:05:41.045 GMT+0100,3461.426,3449.738,0.02,0.02
31.03.2021 08:05:41.181 GMT+0100,3461.3440000000005,3450.697,0.02,0.02
31.03.2021 08:05:41.607 GMT+0100,3462.1800000000003,3450.7790000000005,0.02,0.02
31.03.2021 08:05:48.071 GMT+0100,3463.426,3450.5740000000005,0.02,0.02
31.03.2021 08:05:48.254 GMT+0100,3463,3451.82,0.0075,0.0075
31.03.2021 08:05:48.304 GMT+0100,3465.5490000000004,3451.492,0.02,0.02
31.03.2021 08:05:48.888 GMT+0100,3466.1800000000003,3451.451,0.02,0.02
31.03.2021 08:05:51.217 GMT+0100,3466.3440000000005,3452.656,0.02,0.0075
31.03.2021 08:05:57.597 GMT+0100,3464.1800000000003,3453,0.02,0.02
31.03.2021 08:06:01.785 GMT+0100,3463.1800000000003,3452.738,0.0075,0.02
31.03.2021 08:06:01.835 GMT+0100,3466.1800000000003,3452.533,0.02,0.02
31.03.2021 08:06:07.098 GMT+0100,3464.426,3452.82,0.0075,0.02
31.03.2021 08:06:10.593 GMT+0100,3463.262,3452.5740000000005,0.0075,0.0075
31.03.2021 08:06:10.643 GMT+0100,3461.385,3449.82,0.02,0.02
31.03.2021 08:06:12.847 GMT+0100,3461.3440000000005,3450.738,0.02,0.0075
31.03.2021 08:06:12.898 GMT+0100,3462.3440000000005,3450.656,0.02,0.02
31.03.2021 08:06:13.558 GMT+0100,3462.508,3451.656,0.0075,0.0075
31.03.2021 08:06:13.609 GMT+0100,3463.1800000000003,3451.492,0.02,0.02
31.03.2021 08:06:13.814 GMT+0100,3464.426,3451.533,0.02,0.02
31.03.2021 08:06:14.866 GMT+0100,3462.508,3452,0.02,0.02
31.03.2021 08:06:21.768 GMT+0100,3460.3440000000005,3452,0.0075,0.0075
31.03.2021 08:06:21.819 GMT+0100,3460.262,3448.82,0.02,0.02
31.03.2021 08:06:22.416 GMT+0100,3461.508,3448.451,0.02,0.02
31.03.2021 08:06:22.898 GMT+0100,3460.221,3448.492,0.02,0.02
31.03.2021 08:06:23.819 GMT+0100,3458.467,3448.533,0.0075,0.02
31.03.2021 08:06:45.457 GMT+0100,3458,3449.656,0.02,0.02
31.03.2021 08:06:45.507 GMT+0100,3460.508,3449.492,0.02,0.02
31.03.2021 08:06:47.978 GMT+0100,3458.385,3449.6150000000002,0.02,0.02
31.03.2021 08:08:13.071 GMT+0100,3458.426,3450.82,0.0075,0.0075
31.03.2021 08:08:13.121 GMT+0100,3464.221,3450.82,0.02,0.02
31.03.2021 08:08:14.654 GMT+0100,3464.5490000000004,3453.533,0.02,0.0075
31.03.2021 08:08:27.816 GMT+0100,3465.508,3455.697,0.02,0.02
31.03.2021 08:08:30.437 GMT+0100,3466,3457.7790000000005,0.02,0.0075
31.03.2021 08:08:31.075 GMT+0100,3466.467,3456.492,0.02,0.02
31.03.2021 08:08:48.000 GMT+0100,3466.508,3457.697,0.02,0.0075
31.03.2021 08:08:53.375 GMT+0100,3466.385,3456.5740000000005,0.02,0.02
31.03.2021 08:08:56.560 GMT+0100,3464.467,3456.738,0.0075,0.0075
31.03.2021 08:08:56.610 GMT+0100,3465.5490000000004,3454.82,0.02,0.02
31.03.2021 08:08:56.661 GMT+0100,3465.262,3455.6150000000002,0.02,0.02
31.03.2021 08:09:06.202 GMT+0100,3463.3440000000005,3455.5740000000005,0.02,0.02
31.03.2021 08:09:10.499 GMT+0100,3463.426,3454.5740000000005,0.02,0.02
31.03.2021 08:09:10.556 GMT+0100,3462.5490000000004,3456,0.02,0.02
31.03.2021 08:09:15.473 GMT+0100,3461.3440000000005,3453.697,0.02,0.02
31.03.2021 08:09:15.524 GMT+0100,3461,3454.738,0.02,0.02
31.03.2021 08:09:15.671 GMT+0100,3461.262,3453.533,0.02,0.02
31.03.2021 08:09:19.026 GMT+0100,3461.262,3454.6150000000002,0.02,0.0075
31.03.2021 08:09:25.444 GMT+0100,3469.262,3460.697,0.02,0.02
31.03.2021 08:09:25.902 GMT+0100,3466.221,3460.697,0.0075,0.0075
31.03.2021 08:09:25.952 GMT+0100,3466.385,3459,0.02,0.02
31.03.2021 08:09:28.497 GMT+0100,3465.385,3457.7790000000005,0.02,0.02
31.03.2021 08:09:29.003 GMT+0100,3465.262,3458.5740000000005,0.02,0.0075
31.03.2021 08:09:30.485 GMT+0100,3465.467,3456.6150000000002,0.02,0.02
31.03.2021 08:09:30.643 GMT+0100,3466,3456.492,0.02,0.02
31.03.2021 08:09:32.572 GMT+0100,3463.467,3456.7790000000005,0.0075,0.0075
31.03.2021 08:09:33.461 GMT+0100,3463.426,3456,0.02,0.02
31.03.2021 08:09:36.828 GMT+0100,3463.508,3454.7790000000005,0.02,0.02
31.03.2021 08:10:17.245 GMT+0100,3463.1800000000003,3457,0.0075,0.0075
31.03.2021 08:10:17.295 GMT+0100,3466.5490000000004,3456.451,0.02,0.02
31.03.2021 08:10:17.440 GMT+0100,3462,3455.533,0.02,0.02
31.03.2021 08:10:17.490 GMT+0100,3462.262,3454.533,0.02,0.02
31.03.2021 08:10:17.611 GMT+0100,3464.303,3454.6150000000002,0.02,0.02
31.03.2021 08:10:19.033 GMT+0100,3464.303,3453.6150000000002,0.02,0.02
31.03.2021 08:10:31.683 GMT+0100,3464.1800000000003,3454.82,0.02,0.02
31.03.2021 08:10:31.819 GMT+0100,3462.508,3454.451,0.0075,0.0075
31.03.2021 08:10:31.870 GMT+0100,3462.508,3453.492,0.02,0.02
31.03.2021 08:10:32.078 GMT+0100,3462.385,3454.82,0.02,0.0075
31.03.2021 08:10:33.386 GMT+0100,3464.1800000000003,3453.656,0.02,0.02
31.03.2021 08:10:33.436 GMT+0100,3464.467,3454.533,0.02,0.02
31.03.2021 08:10:33.677 GMT+0100,3464.426,3453.738,0.02,0.02
31.03.2021 08:10:36.298 GMT+0100,3464.426,3454.6150000000002,0.02,0.0075
31.03.2021 08:10:37.589 GMT+0100,3462.262,3454.5740000000005,0.0075,0.02
31.03.2021 08:10:38.414 GMT+0100,3462.5490000000004,3453.82,0.02,0.02
31.03.2021 08:10:41.819 GMT+0100,3462.385,3452.451,0.02,0.02
31.03.2021 08:10:46.946 GMT+0100,3462.1800000000003,3454.697,0.0075,0.0075
31.03.2021 08:10:46.996 GMT+0100,3464.467,3454.82,0.02,0.02
31.03.2021 08:10:48.920 GMT+0100,3467.5490000000004,3459,0.02,0.02
31.03.2021 08:10:51.877 GMT+0100,3466.508,3458.5740000000005,0.0075,0.0075
31.03.2021 08:10:51.927 GMT+0100,3466.303,3457.5740000000005,0.02,0.02
31.03.2021 08:10:54.044 GMT+0100,3466.5490000000004,3458.82,0.02,0.02
31.03.2021 08:10:54.149 GMT+0100,3466.3440000000005,3457.738,0.02,0.02
31.03.2021 08:11:10.139 GMT+0100,3467.467,3458.738,0.02,0.02
31.03.2021 08:11:10.246 GMT+0100,3466.221,3458.492,0.02,0.02
31.03.2021 08:11:10.426 GMT+0100,3466.467,3457.7790000000005,0.02,0.02
31.03.2021 08:11:10.573 GMT+0100,3467.426,3457.5740000000005,0.02,0.02
31.03.2021 08:11:10.624 GMT+0100,3467.508,3458.697,0.02,0.02
31.03.2021 08:11:16.308 GMT+0100,3467.3440000000005,3457.451,0.02,0.02
31.03.2021 08:11:22.852 GMT+0100,3466.221,3457.82,0.02,0.02
31.03.2021 08:11:32.120 GMT+0100,3466,3455.7790000000005,0.02,0.02
31.03.2021 08:11:32.170 GMT+0100,3465,3454.5740000000005,0.02,0.02
31.03.2021 08:11:41.231 GMT+0100,3465.262,3455.7790000000005,0.02,0.0075
31.03.2021 08:11:42.524 GMT+0100,3466.1800000000003,3456.82,0.02,0.02
31.03.2021 08:11:44.075 GMT+0100,3466.1800000000003,3455.7790000000005,0.02,0.02
31.03.2021 08:11:50.525 GMT+0100,3466.3440000000005,3456.5740000000005,0.02,0.0075
31.03.2021 08:11:52.354 GMT+0100,3466.426,3455.656,0.02,0.02
31.03.2021 08:12:02.278 GMT+0100,3465,3455.6150000000002,0.0075,0.02
31.03.2021 08:12:06.374 GMT+0100,3465.385,3456.492,0.0075,0.0075
31.03.2021 08:12:06.424 GMT+0100,3466.1800000000003,3457,0.02,0.02
31.03.2021 08:12:11.223 GMT+0100,3466.467,3455.5740000000005,0.02,0.02
31.03.2021 08:12:15.502 GMT+0100,3466.426,3457.697,0.02,0.0075
31.03.2021 08:12:24.471 GMT+0100,3466.467,3458.656,0.02,0.0075
31.03.2021 08:12:24.775 GMT+0100,3466.467,3459.82,0.02,0.02
31.03.2021 08:12:24.825 GMT+0100,3467.508,3459.697,0.02,0.02
31.03.2021 08:12:31.415 GMT+0100,3466,3459.697,0.0075,0.02
31.03.2021 08:12:58.265 GMT+0100,3467.5490000000004,3460.656,0.02,0.02
31.03.2021 08:12:59.415 GMT+0100,3471.385,3460.533,0.02,0.02
31.03.2021 08:13:01.069 GMT+0100,3471.221,3461.533,0.02,0.0075
31.03.2021 08:13:06.199 GMT+0100,3471.262,3462.533,0.02,0.0075
31.03.2021 08:13:06.250 GMT+0100,3471.467,3461.492,0.02,0.02
31.03.2021 08:13:12.517 GMT+0100,3470.3440000000005,3460.5740000000005,0.02,0.02
31.03.2021 08:13:20.089 GMT+0100,3470.3440000000005,3461.5740000000005,0.02,0.02
31.03.2021 08:13:20.208 GMT+0100,3470.467,3462.533,0.02,0.0075
31.03.2021 08:13:20.258 GMT+0100,3470.467,3462,0.02,0.02
31.03.2021 08:13:28.619 GMT+0100,3470.303,3460.451,0.02,0.02
31.03.2021 08:13:55.112 GMT+0100,3467.221,3459,0.02,0.02
31.03.2021 08:14:00.777 GMT+0100,3467.385,3460.5740000000005,0.0075,0.0075
31.03.2021 08:14:00.828 GMT+0100,3469.467,3460.533,0.02,0.02
31.03.2021 08:14:15.018 GMT+0100,3469.262,3458.82,0.02,0.02
31.03.2021 08:14:17.954 GMT+0100,3469.385,3459.656,0.02,0.02
31.03.2021 08:14:18.064 GMT+0100,3469.508,3460.6150000000002,0.02,0.02
31.03.2021 08:14:29.577 GMT+0100,3468.508,3460.697,0.02,0.02
31.03.2021 08:14:29.627 GMT+0100,3468,3458.738,0.02,0.02
31.03.2021 08:14:44.052 GMT+0100,3468,3459.451,0.02,0.02
31.03.2021 08:14:44.102 GMT+0100,3469.3440000000005,3459.82,0.02,0.02
31.03.2021 08:14:52.423 GMT+0100,3467.508,3459.656,0.0075,0.02
31.03.2021 08:15:00.546 GMT+0100,3467.303,3459,0.02,0.02
31.03.2021 08:15:06.126 GMT+0100,3467.3440000000005,3460.451,0.0075,0.0075
31.03.2021 08:15:06.177 GMT+0100,3469.426,3460.656,0.02,0.02
31.03.2021 08:15:14.684 GMT+0100,3469.303,3459.451,0.02,0.02
31.03.2021 08:15:15.081 GMT+0100,3467,3459.5740000000005,0.0075,0.0075
31.03.2021 08:15:15.132 GMT+0100,3467.467,3458.7790000000005,0.02,0.02
31.03.2021 08:15:24.891 GMT+0100,3467.3440000000005,3457.738,0.02,0.02
31.03.2021 08:15:24.977 GMT+0100,3467.508,3458.492,0.02,0.0075
31.03.2021 08:15:25.027 GMT+0100,3467.262,3457.7790000000005,0.02,0.02
31.03.2021 08:15:26.416 GMT+0100,3467.5490000000004,3458.492,0.02,0.0075
31.03.2021 08:15:28.401 GMT+0100,3467.3440000000005,3457.82,0.02,0.02
31.03.2021 08:15:29.570 GMT+0100,3467.385,3459,0.02,0.0075
31.03.2021 08:15:36.377 GMT+0100,3465.262,3456.492,0.02,0.02
31.03.2021 08:15:42.547 GMT+0100,3465.221,3457.697,0.02,0.0075
31.03.2021 08:15:42.598 GMT+0100,3467.303,3458.533,0.02,0.02
31.03.2021 08:16:36.683 GMT+0100,3466.385,3458.697,0.02,0.02
31.03.2021 08:16:41.844 GMT+0100,3466.3440000000005,3457.5740000000005,0.02,0.02
31.03.2021 08:16:42.968 GMT+0100,3466.5490000000004,3458.738,0.02,0.0075
31.03.2021 08:16:43.458 GMT+0100,3466.262,3457.7790000000005,0.02,0.02
31.03.2021 08:16:44.799 GMT+0100,3466.1800000000003,3459,0.02,0.0075
31.03.2021 08:16:52.294 GMT+0100,3467.426,3460.656,0.02,0.02
31.03.2021 08:16:52.722 GMT+0100,3468.3440000000005,3460.451,0.02,0.02
31.03.2021 08:16:57.630 GMT+0100,3468.5490000000004,3459.82,0.02,0.02
31.03.2021 08:17:09.518 GMT+0100,3468.426,3460.7790000000005,0.02,0.0075
31.03.2021 08:17:20.705 GMT+0100,3468.262,3459.656,0.02,0.02
31.03.2021 08:17:54.424 GMT+0100,3468.221,3461.492,0.02,0.0075
31.03.2021 08:18:19.624 GMT+0100,3466.426,3461.7790000000005,0.0075,0.0075
31.03.2021 08:18:19.674 GMT+0100,3466.385,3459,0.02,0.02
31.03.2021 08:18:19.764 GMT+0100,3466.426,3460,0.02,0.0075
31.03.2021 08:18:26.952 GMT+0100,3467.385,3459.82,0.02,0.02
31.03.2021 08:18:43.337 GMT+0100,3467.508,3460.533,0.02,0.0075
31.03.2021 08:19:01.643 GMT+0100,3468.1800000000003,3460.738,0.02,0.02
31.03.2021 08:19:03.830 GMT+0100,3467.221,3459.697,0.02,0.02
31.03.2021 08:19:05.100 GMT+0100,3467.1800000000003,3460.5740000000005,0.02,0.0075
31.03.2021 08:19:06.258 GMT+0100,3467.303,3461.5740000000005,0.02,0.0075
31.03.2021 08:19:06.308 GMT+0100,3465.467,3458.492,0.02,0.02
31.03.2021 08:19:07.698 GMT+0100,3465.426,3459.492,0.02,0.0075
31.03.2021 08:19:09.027 GMT+0100,3463.303,3456.82,0.02,0.02
31.03.2021 08:19:17.651 GMT+0100,3463.262,3455.697,0.02,0.02
31.03.2021 08:19:20.420 GMT+0100,3463.5490000000004,3456.492,0.02,0.0075
31.03.2021 08:19:22.623 GMT+0100,3463,3455.7790000000005,0.02,0.02
31.03.2021 08:19:25.919 GMT+0100,3463.508,3456.7790000000005,0.02,0.02
31.03.2021 08:19:30.038 GMT+0100,3463.3440000000005,3456,0.02,0.02
31.03.2021 08:19:34.436 GMT+0100,3463.426,3457,0.02,0.0075
31.03.2021 08:19:42.498 GMT+0100,3463.303,3455.7790000000005,0.02,0.02
31.03.2021 08:19:47.342 GMT+0100,3462.3440000000005,3455.5740000000005,0.0075,0.02
31.03.2021 08:19:48.001 GMT+0100,3462.3440000000005,3456.697,0.02,0.0075
31.03.2021 08:19:50.237 GMT+0100,3463.5490000000004,3456.82,0.02,0.02
31.03.2021 08:20:00.035 GMT+0100,3463.508,3455.82,0.02,0.02
31.03.2021 08:20:00.087 GMT+0100,3463.262,3456.451,0.02,0.0075
31.03.2021 08:20:00.187 GMT+0100,3463.303,3455.492,0.02,0.02
31.03.2021 08:20:01.011 GMT+0100,3462.5490000000004,3455.533,0.0075,0.02
31.03.2021 08:20:02.434 GMT+0100,3462.221,3453.5740000000005,0.02,0.02
31.03.2021 08:20:02.572 GMT+0100,3462.385,3454.82,0.02,0.02
31.03.2021 08:20:03.412 GMT+0100,3462.3440000000005,3453.6150000000002,0.02,0.02
31.03.2021 08:20:04.044 GMT+0100,3462.262,3454.738,0.02,0.02
31.03.2021 08:20:04.231 GMT+0100,3462.1800000000003,3453.5740000000005,0.02,0.02
31.03.2021 08:20:05.798 GMT+0100,3462.3440000000005,3454.697,0.02,0.02
31.03.2021 08:20:05.975 GMT+0100,3461.5490000000004,3454.492,0.02,0.02
31.03.2021 08:20:06.082 GMT+0100,3460.5490000000004,3453.82,0.02,0.02
31.03.2021 08:20:13.048 GMT+0100,3459.467,3453.82,0.02,0.02
31.03.2021 08:20:54.214 GMT+0100,3459.262,3455.5740000000005,0.0075,0.0075
31.03.2021 08:20:54.264 GMT+0100,3462.303,3455.7790000000005,0.02,0.02
31.03.2021 08:20:54.315 GMT+0100,3462.221,3456.738,0.02,0.02
31.03.2021 08:20:54.365 GMT+0100,3462.467,3455.738,0.02,0.02
31.03.2021 08:20:54.415 GMT+0100,3460.426,3455.492,0.02,0.02
31.03.2021 08:20:54.525 GMT+0100,3462.467,3456,0.02,0.02
31.03.2021 08:20:55.855 GMT+0100,3461.508,3455.6150000000002,0.0075,0.0075
31.03.2021 08:20:55.905 GMT+0100,3461.221,3454.533,0.02,0.02
31.03.2021 08:20:56.180 GMT+0100,3461.467,3455.6150000000002,0.02,0.02
31.03.2021 08:21:06.772 GMT+0100,3459.5490000000004,3455.533,0.0075,0.02
31.03.2021 08:21:06.925 GMT+0100,3461.262,3455.697,0.02,0.02
31.03.2021 08:21:06.976 GMT+0100,3460.385,3455.451,0.02,0.02
31.03.2021 08:21:07.026 GMT+0100,3461.303,3455.451,0.02,0.02
31.03.2021 08:21:14.782 GMT+0100,3462.303,3455.5740000000005,0.02,0.02
31.03.2021 08:21:16.790 GMT+0100,3461.262,3455.738,0.02,0.02
31.03.2021 08:21:28.263 GMT+0100,3459,3455.697,0.0075,0.02
31.03.2021 08:21:28.414 GMT+0100,3461.426,3455.82,0.02,0.02
31.03.2021 08:21:30.465 GMT+0100,3462.508,3455.738,0.02,0.02
31.03.2021 08:21:31.437 GMT+0100,3462.508,3456.5740000000005,0.02,0.02
31.03.2021 08:21:32.574 GMT+0100,3463.426,3456.697,0.02,0.02
31.03.2021 08:22:15.907 GMT+0100,3462.426,3456.82,0.0075,0.0075
31.03.2021 08:22:15.957 GMT+0100,3462,3454.533,0.02,0.02
31.03.2021 08:22:39.040 GMT+0100,3459.1800000000003,3454.451,0.0075,0.0075
31.03.2021 08:22:39.091 GMT+0100,3459,3453.738,0.02,0.02
31.03.2021 08:23:01.772 GMT+0100,3461.467,3454.697,0.0075,0.0075
31.03.2021 08:23:01.823 GMT+0100,3462.508,3454.451,0.02,0.02
31.03.2021 08:23:24.412 GMT+0100,3459.426,3454.5740000000005,0.02,0.02
31.03.2021 08:23:43.709 GMT+0100,3462.508,3455.697,0.02,0.02
31.03.2021 08:23:43.789 GMT+0100,3461.508,3456,0.0075,0.02
31.03.2021 08:23:43.839 GMT+0100,3462,3455.82,0.02,0.02
31.03.2021 08:23:44.297 GMT+0100,3463.385,3455.5740000000005,0.02,0.02
31.03.2021 08:23:45.699 GMT+0100,3463.5490000000004,3457.738,0.02,0.02
31.03.2021 08:23:56.352 GMT+0100,3462.3440000000005,3457.738,0.0075,0.0075
31.03.2021 08:23:56.402 GMT+0100,3461.385,3454.5740000000005,0.02,0.02
31.03.2021 08:23:57.482 GMT+0100,3459.5490000000004,3453.5740000000005,0.02,0.02
31.03.2021 08:24:08.461 GMT+0100,3459.426,3455.6150000000002,0.0075,0.0075
31.03.2021 08:24:08.511 GMT+0100,3460.508,3453.533,0.02,0.02
31.03.2021 08:24:11.392 GMT+0100,3457.262,3453.5740000000005,0.0075,0.0075
31.03.2021 08:24:11.442 GMT+0100,3457.3440000000005,3451.7790000000005,0.02,0.02
31.03.2021 08:24:11.556 GMT+0100,3457.262,3452.5740000000005,0.02,0.0075
31.03.2021 08:24:13.258 GMT+0100,3455.262,3452.492,0.0075,0.0075
31.03.2021 08:24:13.308 GMT+0100,3452.221,3445.492,0.02,0.02
31.03.2021 08:24:14.356 GMT+0100,3452.1800000000003,3446.6150000000002,0.02,0.02
31.03.2021 08:24:15.656 GMT+0100,3455.1800000000003,3447.656,0.02,0.02
31.03.2021 08:24:15.707 GMT+0100,3453,3446.656,0.02,0.02
31.03.2021 08:24:16.662 GMT+0100,3453.508,3447.6150000000002,0.02,0.02
31.03.2021 08:24:18.670 GMT+0100,3453.5490000000004,3449.656,0.0075,0.0075
31.03.2021 08:24:18.720 GMT+0100,3454.426,3448.533,0.02,0.02
31.03.2021 08:24:20.516 GMT+0100,3454.467,3448,0.02,0.02
31.03.2021 08:24:21.513 GMT+0100,3454.221,3448.451,0.02,0.02
31.03.2021 08:24:21.683 GMT+0100,3454.385,3450.656,0.0075,0.0075
31.03.2021 08:24:21.734 GMT+0100,3455.508,3448.5740000000005,0.02,0.02
31.03.2021 08:24:21.784 GMT+0100,3455.426,3450.656,0.02,0.02
31.03.2021 08:24:22.682 GMT+0100,3455.385,3449.82,0.02,0.02
31.03.2021 08:24:23.648 GMT+0100,3455.303,3452.5740000000005,0.02,0.0075
31.03.2021 08:24:24.311 GMT+0100,3455.262,3448.82,0.02,0.02
31.03.2021 08:24:28.906 GMT+0100,3455.262,3449.697,0.02,0.02
31.03.2021 08:24:29.031 GMT+0100,3455.221,3448.738,0.02,0.02
31.03.2021 08:24:43.411 GMT+0100,3455.467,3447.82,0.02,0.02
31.03.2021 08:24:44.118 GMT+0100,3455.426,3446.492,0.02,0.02
31.03.2021 08:24:54.271 GMT+0100,3455.3440000000005,3448,0.02,0.0075
31.03.2021 08:24:54.764 GMT+0100,3455.467,3446.451,0.02,0.02
31.03.2021 08:25:00.284 GMT+0100,3454.5490000000004,3446.738,0.0075,0.02
31.03.2021 08:25:11.937 GMT+0100,3454.5490000000004,3445.82,0.02,0.02
31.03.2021 08:25:12.268 GMT+0100,3454.303,3446.697,0.02,0.0075
31.03.2021 08:25:27.498 GMT+0100,3454.467,3445.451,0.02,0.02
31.03.2021 08:25:27.699 GMT+0100,3453,3445.451,0.02,0.02
31.03.2021 08:25:38.342 GMT+0100,3449.508,3440.533,0.02,0.02
31.03.2021 08:25:38.392 GMT+0100,3450.303,3443,0.02,0.02
31.03.2021 08:25:39.138 GMT+0100,3451.262,3442.492,0.02,0.02
31.03.2021 08:25:41.572 GMT+0100,3450.262,3442.697,0.0075,0.0075
31.03.2021 08:25:41.622 GMT+0100,3450.467,3441.7790000000005,0.02,0.02
31.03.2021 08:25:49.447 GMT+0100,3449.1800000000003,3442.6150000000002,0.0075,0.0075
31.03.2021 08:25:49.498 GMT+0100,3450.426,3442.697,0.02,0.02
31.03.2021 08:25:51.311 GMT+0100,3449.303,3442.656,0.02,0.02
31.03.2021 08:25:53.303 GMT+0100,3450.426,3442.697,0.02,0.02
31.03.2021 08:25:53.954 GMT+0100,3449.3440000000005,3442.5740000000005,0.0075,0.02
31.03.2021 08:25:56.279 GMT+0100,3450.467,3442.451,0.02,0.02
31.03.2021 08:25:57.025 GMT+0100,3449.5490000000004,3442.6150000000002,0.0075,0.02
31.03.2021 08:25:59.873 GMT+0100,3448.221,3442.697,0.0075,0.02
31.03.2021 08:25:59.923 GMT+0100,3449.303,3442.7790000000005,0.02,0.02
31.03.2021 08:26:00.498 GMT+0100,3448.385,3442.82,0.0075,0.02
31.03.2021 08:26:00.624 GMT+0100,3448.1800000000003,3440,0.02,0.02
31.03.2021 08:26:03.429 GMT+0100,3448.467,3441.533,0.02,0.02
31.03.2021 08:26:12.589 GMT+0100,3446.1800000000003,3441.7790000000005,0.0075,0.02
31.03.2021 08:26:22.197 GMT+0100,3445.262,3441.7790000000005,0.0075,0.02
31.03.2021 08:26:22.838 GMT+0100,3449.1800000000003,3441.697,0.02,0.02
31.03.2021 08:26:25.157 GMT+0100,3448.221,3441.533,0.0075,0.02
31.03.2021 08:26:35.158 GMT+0100,3449.1800000000003,3443.697,0.02,0.02
31.03.2021 08:26:35.364 GMT+0100,3450.467,3443.5740000000005,0.02,0.02
31.03.2021 08:26:42.829 GMT+0100,3451.508,3444.656,0.02,0.02
31.03.2021 08:26:43.160 GMT+0100,3452.5490000000004,3446.6150000000002,0.02,0.02
31.03.2021 08:26:45.075 GMT+0100,3451.5490000000004,3446.697,0.0075,0.02
31.03.2021 08:26:59.277 GMT+0100,3452.385,3446.738,0.02,0.02
31.03.2021 08:27:02.472 GMT+0100,3451.221,3446.7790000000005,0.02,0.02
31.03.2021 08:27:16.257 GMT+0100,3452.467,3446.738,0.02,0.02
31.03.2021 08:27:21.915 GMT+0100,3451.262,3446.697,0.0075,0.02
31.03.2021 08:27:26.685 GMT+0100,3451.262,3449.533,0.0075,0.0075
31.03.2021 08:27:26.735 GMT+0100,3454,3449.656,0.02,0.02
31.03.2021 08:27:27.013 GMT+0100,3456.1800000000003,3450,0.02,0.02
31.03.2021 08:27:27.384 GMT+0100,3455.303,3449.82,0.0075,0.02
31.03.2021 08:27:34.356 GMT+0100,3454.1800000000003,3450,0.0075,0.02
31.03.2021 08:27:42.460 GMT+0100,3455.426,3449.697,0.02,0.02
31.03.2021 08:27:43.357 GMT+0100,3454,3449.738,0.02,0.02
31.03.2021 08:27:45.546 GMT+0100,3455.262,3449.492,0.02,0.02
31.03.2021 08:27:46.890 GMT+0100,3454,3449.656,0.0075,0.02
31.03.2021 08:27:53.311 GMT+0100,3455.303,3449.6150000000002,0.02,0.02
31.03.2021 08:27:55.417 GMT+0100,3454.508,3449.82,0.0075,0.02
31.03.2021 08:27:56.164 GMT+0100,3455.1800000000003,3449.492,0.02,0.02
31.03.2021 08:27:57.198 GMT+0100,3454.426,3449.492,0.0075,0.02
31.03.2021 08:28:00.210 GMT+0100,3455.3440000000005,3449.492,0.02,0.02
31.03.2021 08:28:02.299 GMT+0100,3454.426,3449.492,0.02,0.02
31.03.2021 08:28:04.015 GMT+0100,3453,3449.7790000000005,0.0075,0.0075
31.03.2021 08:28:04.065 GMT+0100,3454.5490000000004,3449.7790000000005,0.02,0.02
31.03.2021 08:28:05.022 GMT+0100,3452.303,3449.533,0.0075,0.02
31.03.2021 08:28:05.122 GMT+0100,3454.1800000000003,3449.82,0.02,0.02
31.03.2021 08:28:12.051 GMT+0100,3453.1800000000003,3449.451,0.02,0.02
31.03.2021 08:28:12.102 GMT+0100,3454.303,3449.697,0.02,0.02
31.03.2021 08:28:13.344 GMT+0100,3453.426,3450,0.02,0.02
31.03.2021 08:28:15.761 GMT+0100,3455.1800000000003,3449.82,0.02,0.02
31.03.2021 08:28:17.055 GMT+0100,3454.262,3449.697,0.0075,0.02
31.03.2021 08:29:14.316 GMT+0100,3454.385,3452.7790000000005,0.0075,0.0075
31.03.2021 08:29:14.367 GMT+0100,3459.508,3453,0.02,0.02
31.03.2021 08:29:15.376 GMT+0100,3458.5490000000004,3452.492,0.0075,0.0075
31.03.2021 08:29:15.426 GMT+0100,3458.262,3451.738,0.02,0.02
31.03.2021 08:29:17.356 GMT+0100,3455.1800000000003,3451.492,0.0075,0.0075
31.03.2021 08:29:17.406 GMT+0100,3455.426,3450.656,0.02,0.02
31.03.2021 08:29:17.507 GMT+0100,3455.303,3449.697,0.02,0.02
31.03.2021 08:29:18.370 GMT+0100,3454.5490000000004,3450,0.0075,0.02
31.03.2021 08:29:18.470 GMT+0100,3455.385,3449.6150000000002,0.02,0.02
31.03.2021 08:29:20.417 GMT+0100,3455,3450.82,0.02,0.02
31.03.2021 08:29:20.467 GMT+0100,3455.508,3449.738,0.02,0.02
31.03.2021 08:29:36.835 GMT+0100,3456.426,3450,0.02,0.02
31.03.2021 08:29:41.272 GMT+0100,3456,3450.6150000000002,0.02,0.0075
31.03.2021 08:29:41.322 GMT+0100,3457.426,3450.7790000000005,0.02,0.02
31.03.2021 08:29:42.853 GMT+0100,3456,3450.533,0.0075,0.0075
31.03.2021 08:29:42.903 GMT+0100,3456.426,3449.533,0.02,0.02
31.03.2021 08:29:44.017 GMT+0100,3455.303,3449.656,0.0075,0.02
31.03.2021 08:30:37.277 GMT+0100,3454.426,3450,0.02,0.02
31.03.2021 08:30:38.808 GMT+0100,3450.426,3446.738,0.0075,0.02
31.03.2021 08:30:38.859 GMT+0100,3452.1800000000003,3446.738,0.02,0.02
31.03.2021 08:30:39.119 GMT+0100,3451,3446.738,0.02,0.02
31.03.2021 08:31:13.664 GMT+0100,3451.5490000000004,3443.7790000000005,0.02,0.02
31.03.2021 08:31:18.144 GMT+0100,3451.303,3444.451,0.02,0.02
31.03.2021 08:31:29.384 GMT+0100,3451.262,3444,0.02,0.02
31.03.2021 08:31:44.985 GMT+0100,3451,3444.738,0.02,0.0075
31.03.2021 08:31:51.908 GMT+0100,3450.3440000000005,3443.656,0.02,0.02
31.03.2021 08:32:05.276 GMT+0100,3450.262,3445.697,0.0075,0.0075
31.03.2021 08:32:05.326 GMT+0100,3455.426,3448.82,0.02,0.02
31.03.2021 08:32:08.276 GMT+0100,3454.5490000000004,3448.656,0.0075,0.02
31.03.2021 08:32:08.376 GMT+0100,3454.385,3448,0.02,0.02
31.03.2021 08:32:12.680 GMT+0100,3454.262,3448.533,0.02,0.0075
31.03.2021 08:32:15.345 GMT+0100,3454.508,3447.697,0.02,0.02
31.03.2021 08:32:31.299 GMT+0100,3450,3444.5740000000005,0.02,0.02
31.03.2021 08:32:31.406 GMT+0100,3451.1800000000003,3444.82,0.02,0.02
31.03.2021 08:32:48.498 GMT+0100,3451,3443.7790000000005,0.02,0.02
31.03.2021 08:32:48.564 GMT+0100,3450.5490000000004,3443.5740000000005,0.02,0.02
31.03.2021 08:32:52.112 GMT+0100,3451.508,3443.697,0.02,0.02
31.03.2021 08:32:55.039 GMT+0100,3451,3444.533,0.02,0.02
31.03.2021 08:33:02.226 GMT+0100,3451.262,3443.533,0.02,0.02
31.03.2021 08:33:05.863 GMT+0100,3450.303,3443.82,0.0075,0.02
31.03.2021 08:33:06.088 GMT+0100,3451.5490000000004,3443.738,0.02,0.02
31.03.2021 08:33:07.800 GMT+0100,3450.385,3443.656,0.0075,0.02
31.03.2021 08:33:09.018 GMT+0100,3451.221,3443.7790000000005,0.02,0.02
31.03.2021 08:33:15.626 GMT+0100,3450.5490000000004,3443.492,0.0075,0.02
31.03.2021 08:33:16.935 GMT+0100,3451.3440000000005,3443.6150000000002,0.02,0.02
31.03.2021 08:33:26.369 GMT+0100,3450.3440000000005,3443.5740000000005,0.02,0.02
31.03.2021 08:33:30.493 GMT+0100,3450.5490000000004,3444.82,0.02,0.0075
31.03.2021 08:33:39.299 GMT+0100,3450.467,3443.492,0.02,0.02
31.03.2021 08:33:43.458 GMT+0100,3450.262,3444.7790000000005,0.02,0.0075
31.03.2021 08:33:46.345 GMT+0100,3450.262,3443.492,0.02,0.02
31.03.2021 08:34:04.097 GMT+0100,3448.508,3442.7790000000005,0.02,0.02
31.03.2021 08:34:04.827 GMT+0100,3447.262,3442.533,0.0075,0.02
31.03.2021 08:34:04.877 GMT+0100,3448.303,3442,0.02,0.02
31.03.2021 08:34:07.619 GMT+0100,3448.1800000000003,3442.5740000000005,0.02,0.0075
31.03.2021 08:34:23.456 GMT+0100,3448.303,3443.451,0.0075,0.0075
31.03.2021 08:34:23.506 GMT+0100,3450.1800000000003,3443.656,0.02,0.02
31.03.2021 08:34:29.548 GMT+0100,3449.221,3443.656,0.0075,0.0075
31.03.2021 08:34:29.599 GMT+0100,3449.385,3442.656,0.02,0.02
31.03.2021 08:34:51.648 GMT+0100,3444.426,3441.5740000000005,0.02,0.02
31.03.2021 08:34:52.348 GMT+0100,3445.1800000000003,3439,0.02,0.02
31.03.2021 08:34:52.625 GMT+0100,3445.508,3439.5740000000005,0.02,0.02
31.03.2021 08:34:54.067 GMT+0100,3444.3440000000005,3439.656,0.02,0.02
31.03.2021 08:34:54.210 GMT+0100,3445.262,3439.6150000000002,0.02,0.02
31.03.2021 08:35:17.248 GMT+0100,3444.467,3439.533,0.0075,0.0075
31.03.2021 08:35:17.298 GMT+0100,3442.1800000000003,3436.697,0.02,0.02
31.03.2021 08:35:27.685 GMT+0100,3442.221,3436,0.02,0.02
31.03.2021 08:35:43.807 GMT+0100,3443.426,3436.656,0.02,0.02
31.03.2021 08:35:58.620 GMT+0100,3442.303,3436.451,0.0075,0.02
31.03.2021 08:35:58.721 GMT+0100,3442.467,3435.656,0.02,0.02
31.03.2021 08:36:05.675 GMT+0100,3441.5490000000004,3435.656,0.0075,0.02
31.03.2021 08:36:06.631 GMT+0100,3433.467,3428.697,0.02,0.02
31.03.2021 08:36:06.850 GMT+0100,3433.3440000000005,3426.738,0.02,0.02
31.03.2021 08:36:07.666 GMT+0100,3433,3425.5740000000005,0.02,0.02
31.03.2021 08:36:08.431 GMT+0100,3434.385,3425.6150000000002,0.02,0.02
31.03.2021 08:36:09.583 GMT+0100,3434.467,3426.656,0.02,0.02
31.03.2021 08:36:16.638 GMT+0100,3433.303,3426.7790000000005,0.02,0.02
31.03.2021 08:36:23.600 GMT+0100,3434.385,3426.82,0.02,0.02
31.03.2021 08:36:23.716 GMT+0100,3433.1800000000003,3426.697,0.02,0.02
31.03.2021 08:36:25.209 GMT+0100,3433.1800000000003,3427.451,0.0075,0.0075
31.03.2021 08:36:25.259 GMT+0100,3434.1800000000003,3427.6150000000002,0.02,0.02
31.03.2021 08:36:28.613 GMT+0100,3434.3440000000005,3426.492,0.02,0.02
31.03.2021 08:36:28.664 GMT+0100,3433.426,3426.492,0.02,0.02
31.03.2021 08:36:48.087 GMT+0100,3433.5490000000004,3425.492,0.02,0.02
31.03.2021 08:36:53.150 GMT+0100,3431.385,3425.451,0.0075,0.02
31.03.2021 08:36:54.094 GMT+0100,3431.262,3424.5740000000005,0.02,0.02
31.03.2021 08:37:17.729 GMT+0100,3431.1800000000003,3423.738,0.02,0.02
31.03.2021 08:37:22.092 GMT+0100,3429.385,3423.533,0.0075,0.0075
31.03.2021 08:37:22.142 GMT+0100,3429.467,3422.451,0.02,0.02
31.03.2021 08:37:34.242 GMT+0100,3429.467,3421.82,0.02,0.02
31.03.2021 08:37:34.561 GMT+0100,3428.467,3421.82,0.0075,0.02
31.03.2021 08:37:50.164 GMT+0100,3426.1800000000003,3420.656,0.0075,0.02
31.03.2021 08:37:55.523 GMT+0100,3426.221,3419.82,0.02,0.02
31.03.2021 08:38:00.072 GMT+0100,3426.385,3420.82,0.02,0.02
31.03.2021 08:38:29.523 GMT+0100,3426.5490000000004,3419,0.02,0.02
31.03.2021 08:38:48.072 GMT+0100,3424.262,3418.5740000000005,0.0075,0.02
31.03.2021 08:39:31.614 GMT+0100,3424.221,3417.697,0.02,0.02
31.03.2021 08:39:36.560 GMT+0100,3424.508,3418.492,0.02,0.02
31.03.2021 08:39:50.975 GMT+0100,3425.3440000000005,3418.7790000000005,0.02,0.02
31.03.2021 08:40:00.964 GMT+0100,3424.3440000000005,3418.533,0.02,0.02
31.03.2021 08:40:06.426 GMT+0100,3425.426,3418.533,0.02,0.02
31.03.2021 08:40:55.546 GMT+0100,3425,3419.656,0.02,0.0075
31.03.2021 08:43:05.872 GMT+0100,3428.221,3421.82,0.02,0.02
31.03.2021 08:43:06.261 GMT+0100,3428.508,3420.492,0.02,0.02
31.03.2021 08:43:07.063 GMT+0100,3427.5490000000004,3420.492,0.02,0.02
31.03.2021 08:43:08.822 GMT+0100,3426.426,3420.697,0.0075,0.02
31.03.2021 08:43:08.922 GMT+0100,3426.262,3419.6150000000002,0.02,0.02
31.03.2021 08:43:10.935 GMT+0100,3426.467,3420.656,0.02,0.02
31.03.2021 08:43:10.986 GMT+0100,3426.385,3419.738,0.02,0.02
31.03.2021 08:43:11.036 GMT+0100,3426.467,3420.533,0.02,0.02
31.03.2021 08:43:11.302 GMT+0100,3427.385,3420.533,0.02,0.02
31.03.2021 08:43:11.360 GMT+0100,3427.5490000000004,3422,0.0075,0.0075
31.03.2021 08:43:11.410 GMT+0100,3428.303,3421.451,0.02,0.02
31.03.2021 08:43:11.469 GMT+0100,3428.426,3425.7790000000005,0.0075,0.0075
31.03.2021 08:43:11.519 GMT+0100,3430.385,3424.5740000000005,0.02,0.02
31.03.2021 08:43:12.351 GMT+0100,3433,3425.5740000000005,0.02,0.02
31.03.2021 08:43:12.408 GMT+0100,3431.262,3425.7790000000005,0.0075,0.02
31.03.2021 08:43:12.981 GMT+0100,3431.426,3427.492,0.02,0.0075
31.03.2021 08:43:31.282 GMT+0100,3430.1800000000003,3427.5740000000005,0.0075,0.02
31.03.2021 08:43:32.176 GMT+0100,3431.385,3427.451,0.02,0.02
31.03.2021 08:44:05.309 GMT+0100,3430.303,3427.6150000000002,0.0075,0.02
31.03.2021 08:44:05.360 GMT+0100,3428.303,3424.82,0.02,0.02
31.03.2021 08:44:07.293 GMT+0100,3430.221,3424.533,0.02,0.02
31.03.2021 08:44:20.058 GMT+0100,3431.1800000000003,3425.7790000000005,0.02,0.02
31.03.2021 08:44:33.153 GMT+0100,3430.262,3425.738,0.02,0.02
31.03.2021 08:44:33.204 GMT+0100,3430.5490000000004,3424.6150000000002,0.02,0.02
31.03.2021 08:44:34.177 GMT+0100,3430,3425.533,0.0075,0.0075
31.03.2021 08:44:34.228 GMT+0100,3431.262,3425.451,0.02,0.02
31.03.2021 08:44:47.593 GMT+0100,3431.262,3426.451,0.02,0.0075
31.03.2021 08:44:49.639 GMT+0100,3431.426,3425.82,0.02,0.02
31.03.2021 08:44:52.756 GMT+0100,3431.385,3427.5740000000005,0.0075,0.0075
31.03.2021 08:44:52.806 GMT+0100,3433.508,3427.738,0.02,0.02
31.03.2021 08:45:01.359 GMT+0100,3434.1800000000003,3428.82,0.02,0.02
31.03.2021 08:45:07.105 GMT+0100,3434.426,3427.451,0.02,0.02
31.03.2021 08:45:25.150 GMT+0100,3432.1800000000003,3426.7790000000005,0.02,0.02
31.03.2021 08:45:25.447 GMT+0100,3432.5490000000004,3427.738,0.02,0.02
31.03.2021 08:45:25.733 GMT+0100,3433.303,3427.451,0.02,0.02
31.03.2021 08:45:28.639 GMT+0100,3434.262,3427.5740000000005,0.02,0.02
31.03.2021 08:45:37.952 GMT+0100,3433.1800000000003,3427.738,0.02,0.02
31.03.2021 08:46:19.693 GMT+0100,3434.426,3427.738,0.02,0.02
31.03.2021 08:46:44.960 GMT+0100,3433.426,3427.656,0.02,0.02
31.03.2021 08:47:56.665 GMT+0100,3432.385,3428,0.01,0.01
31.03.2021 08:47:59.612 GMT+0100,3433.385,3428.7790000000005,0.02,0.02
31.03.2021 08:47:59.731 GMT+0100,3433.1800000000003,3427.5740000000005,0.02,0.02
31.03.2021 08:48:35.116 GMT+0100,3434.221,3427.697,0.02,0.02
31.03.2021 08:48:41.210 GMT+0100,3433.5490000000004,3427.82,0.0075,0.02
31.03.2021 08:50:56.784 GMT+0100,3436.303,3432.533,0.02,0.02
31.03.2021 08:50:56.835 GMT+0100,3438.467,3432,0.02,0.02
31.03.2021 08:50:56.892 GMT+0100,3437.1800000000003,3431.451,0.02,0.02
31.03.2021 08:51:04.284 GMT+0100,3438.303,3431.5740000000005,0.02,0.02
31.03.2021 08:51:06.668 GMT+0100,3437.508,3432,0.0075,0.02
31.03.2021 08:51:08.830 GMT+0100,3438.3440000000005,3431.738,0.02,0.02
31.03.2021 08:51:12.342 GMT+0100,3438.467,3432.656,0.02,0.0075
31.03.2021 08:51:12.556 GMT+0100,3438.426,3436.451,0.0075,0.0075
31.03.2021 08:51:12.606 GMT+0100,3440.303,3437,0.02,0.02
31.03.2021 08:51:12.707 GMT+0100,3441.303,3436.697,0.02,0.02
31.03.2021 08:51:12.790 GMT+0100,3440.262,3436.738,0.02,0.02
31.03.2021 08:51:13.453 GMT+0100,3441.1800000000003,3436.533,0.02,0.02
31.03.2021 08:51:18.886 GMT+0100,3440.262,3436.6150000000002,0.0075,0.02
31.03.2021 08:51:24.498 GMT+0100,3441.221,3436.6150000000002,0.02,0.02
31.03.2021 08:52:05.850 GMT+0100,3440.385,3436.82,0.0075,0.02
31.03.2021 08:52:05.900 GMT+0100,3439,3434.738,0.02,0.02
31.03.2021 08:52:05.951 GMT+0100,3439.303,3433.7790000000005,0.02,0.02
31.03.2021 08:52:06.172 GMT+0100,3437.221,3433.656,0.0075,0.0075
31.03.2021 08:52:06.222 GMT+0100,3437.221,3432.82,0.02,0.02
31.03.2021 08:52:06.273 GMT+0100,3438.221,3432.451,0.02,0.02
31.03.2021 08:52:08.247 GMT+0100,3439.221,3432.7790000000005,0.02,0.02
31.03.2021 08:52:08.863 GMT+0100,3439.3440000000005,3433.451,0.0075,0.0075
31.03.2021 08:52:08.913 GMT+0100,3440.5490000000004,3433.533,0.02,0.02
31.03.2021 08:52:08.964 GMT+0100,3439.508,3434,0.0075,0.02
31.03.2021 08:52:32.637 GMT+0100,3437.467,3433.7790000000005,0.0075,0.0075
31.03.2021 08:52:32.688 GMT+0100,3437.262,3432.82,0.02,0.02
31.03.2021 08:52:34.904 GMT+0100,3438.467,3432.656,0.02,0.02
31.03.2021 08:52:39.637 GMT+0100,3438.426,3433.6150000000002,0.0075,0.0075
31.03.2021 08:52:39.688 GMT+0100,3438.221,3432.6150000000002,0.02,0.02
31.03.2021 08:52:39.764 GMT+0100,3438,3433.5740000000005,0.02,0.02
31.03.2021 08:52:45.778 GMT+0100,3438.385,3432.451,0.02,0.02
31.03.2021 08:52:45.828 GMT+0100,3438.467,3433.451,0.02,0.02
31.03.2021 08:52:46.078 GMT+0100,3438.303,3432.656,0.02,0.02
31.03.2021 08:52:49.394 GMT+0100,3438.221,3433.7790000000005,0.02,0.0075
31.03.2021 08:52:53.952 GMT+0100,3437.385,3433.492,0.0075,0.02
31.03.2021 08:52:58.718 GMT+0100,3437.262,3432.656,0.02,0.02
31.03.2021 08:53:02.296 GMT+0100,3437.508,3434,0.02,0.0075
31.03.2021 08:53:05.259 GMT+0100,3437.1800000000003,3432.533,0.02,0.02
31.03.2021 08:53:15.048 GMT+0100,3436.508,3432.6150000000002,0.0075,0.0075
31.03.2021 08:53:15.099 GMT+0100,3436.508,3431,0.02,0.02
31.03.2021 08:54:05.492 GMT+0100,3436.385,3432,0.0075,0.0075
31.03.2021 08:54:05.543 GMT+0100,3437,3431.7790000000005,0.02,0.02
31.03.2021 08:54:35.611 GMT+0100,3437.221,3432.533,0.02,0.0075
31.03.2021 08:54:48.140 GMT+0100,3437.467,3431.451,0.02,0.02
31.03.2021 08:56:07.872 GMT+0100,3434.303,3431.697,0.0075,0.0075
31.03.2021 08:56:07.923 GMT+0100,3434.221,3430.7790000000005,0.02,0.02
31.03.2021 08:56:09.894 GMT+0100,3433.5490000000004,3430.6150000000002,0.0075,0.02
31.03.2021 08:56:13.401 GMT+0100,3433.426,3427.492,0.02,0.02
31.03.2021 08:56:14.411 GMT+0100,3433.262,3428.656,0.02,0.0075
31.03.2021 08:56:15.580 GMT+0100,3432.508,3428.738,0.0075,0.02
31.03.2021 08:56:15.680 GMT+0100,3433.467,3427.533,0.02,0.02
31.03.2021 08:56:16.172 GMT+0100,3432.1800000000003,3427.533,0.0075,0.02
31.03.2021 08:56:26.074 GMT+0100,3432.1800000000003,3428.7790000000005,0.02,0.02
31.03.2021 08:56:59.533 GMT+0100,3434.221,3428.5740000000005,0.02,0.02
31.03.2021 08:56:59.633 GMT+0100,3434.426,3430.656,0.02,0.02
31.03.2021 08:56:59.684 GMT+0100,3434,3429.738,0.02,0.02
31.03.2021 08:57:00.216 GMT+0100,3434.221,3430.738,0.02,0.02
31.03.2021 08:57:03.311 GMT+0100,3434.508,3431.7790000000005,0.02,0.0075
31.03.2021 08:57:23.358 GMT+0100,3436.221,3433.533,0.02,0.02
31.03.2021 08:57:23.408 GMT+0100,3437.3440000000005,3433.533,0.02,0.02
31.03.2021 08:57:23.508 GMT+0100,3437.385,3432.7790000000005,0.02,0.02
31.03.2021 08:57:45.980 GMT+0100,3437.5490000000004,3433.533,0.0075,0.0075
31.03.2021 08:57:46.030 GMT+0100,3439.303,3433.697,0.02,0.02
31.03.2021 08:57:48.389 GMT+0100,3440.426,3433.451,0.02,0.02
31.03.2021 08:57:51.079 GMT+0100,3440.3440000000005,3434.656,0.02,0.0075
31.03.2021 08:57:55.628 GMT+0100,3440.303,3433.492,0.02,0.02
31.03.2021 08:57:57.187 GMT+0100,3439.262,3433.697,0.0075,0.02
31.03.2021 08:58:00.060 GMT+0100,3440.221,3433.492,0.02,0.02
31.03.2021 08:58:05.091 GMT+0100,3439.1800000000003,3433.7790000000005,0.02,0.02
31.03.2021 08:58:05.362 GMT+0100,3439.467,3432.738,0.02,0.02
31.03.2021 08:58:07.230 GMT+0100,3439.262,3433.5740000000005,0.02,0.02
31.03.2021 08:58:07.281 GMT+0100,3439.221,3433,0.02,0.02
31.03.2021 08:58:07.852 GMT+0100,3439,3433.7790000000005,0.02,0.0075
31.03.2021 08:58:08.820 GMT+0100,3439.3440000000005,3432.5740000000005,0.02,0.02
31.03.2021 08:58:10.176 GMT+0100,3439.1800000000003,3433.451,0.02,0.0075
31.03.2021 08:58:10.920 GMT+0100,3439.385,3432.697,0.02,0.02
31.03.2021 08:58:11.018 GMT+0100,3439.508,3433.5740000000005,0.02,0.0075
31.03.2021 08:58:12.360 GMT+0100,3437,3431.5740000000005,0.02,0.02
31.03.2021 08:58:20.591 GMT+0100,3436.5490000000004,3432,0.0075,0.02
31.03.2021 08:58:21.957 GMT+0100,3437.467,3432,0.02,0.02
31.03.2021 08:58:22.481 GMT+0100,3438.426,3432.738,0.02,0.02
31.03.2021 08:58:23.693 GMT+0100,3437.5490000000004,3433,0.0075,0.0075
31.03.2021 08:58:23.743 GMT+0100,3437,3431.656,0.02,0.02
31.03.2021 08:58:37.634 GMT+0100,3436.426,3432,0.02,0.02
31.03.2021 08:58:37.755 GMT+0100,3435.262,3431.451,0.02,0.02
31.03.2021 08:58:50.612 GMT+0100,3436,3431.82,0.02,0.02
31.03.2021 08:59:03.978 GMT+0100,3436.3440000000005,3433,0.0075,0.0075
31.03.2021 08:59:04.029 GMT+0100,3438.508,3432.738,0.02,0.02
31.03.2021 08:59:05.077 GMT+0100,3439.303,3432.6150000000002,0.02,0.02
31.03.2021 08:59:05.968 GMT+0100,3438.5490000000004,3433,0.0075,0.02
31.03.2021 08:59:09.575 GMT+0100,3437.5490000000004,3432.5740000000005,0.0075,0.0075
31.03.2021 08:59:09.626 GMT+0100,3437.385,3431.492,0.02,0.02
31.03.2021 08:59:09.862 GMT+0100,3437.467,3432.5740000000005,0.0075,0.0075
31.03.2021 08:59:09.913 GMT+0100,3438.1800000000003,3432.82,0.02,0.02
31.03.2021 08:59:17.811 GMT+0100,3437.426,3431.6150000000002,0.02,0.02
31.03.2021 08:59:43.160 GMT+0100,3437.303,3433,0.0075,0.0075
31.03.2021 08:59:43.210 GMT+0100,3438.1800000000003,3432.7790000000005,0.02,0.02
31.03.2021 08:59:43.261 GMT+0100,3437.221,3431.451,0.02,0.02
31.03.2021 08:59:53.146 GMT+0100,3437.426,3432.738,0.02,0.02
31.03.2021 08:59:53.197 GMT+0100,3438.221,3432.697,0.02,0.02
31.03.2021 08:59:56.797 GMT+0100,3438.3440000000005,3433.7790000000005,0.02,0.0075
31.03.2021 08:59:56.898 GMT+0100,3438.1800000000003,3432.656,0.02,0.02
31.03.2021 08:59:57.576 GMT+0100,3438.303,3433.7790000000005,0.0075,0.0075
31.03.2021 08:59:57.626 GMT+0100,3439.3440000000005,3433.533,0.02,0.02
31.03.2021 08:59:57.705 GMT+0100,3438.508,3433.82,0.0075,0.0075
31.03.2021 08:59:57.756 GMT+0100,3438.467,3432.533,0.02,0.02
31.03.2021 08:59:58.800 GMT+0100,3438.385,3434,0.02,0.0075
31.03.2021 08:59:59.075 GMT+0100,3438.385,3434.738,0.02,0.0075
31.03.2021 08:59:59.125 GMT+0100,3439.303,3435,0.02,0.02
31.03.2021 09:00:00.272 GMT+0100,3439.426,3435.533,0.02,0.0075
31.03.2021 09:00:02.895 GMT+0100,3440.5490000000004,3435.82,0.02,0.02
31.03.2021 09:00:04.131 GMT+0100,3441.262,3435.738,0.02,0.02
31.03.2021 09:00:04.282 GMT+0100,3442.426,3435.7790000000005,0.02,0.02
31.03.2021 09:00:06.744 GMT+0100,3441.467,3435.533,0.02,0.02
31.03.2021 09:00:08.160 GMT+0100,3441.5490000000004,3437.6150000000002,0.0075,0.0075
31.03.2021 09:00:08.210 GMT+0100,3442.303,3437.697,0.02,0.02
31.03.2021 09:00:17.846 GMT+0100,3443.262,3437.6150000000002,0.02,0.02
31.03.2021 09:00:19.156 GMT+0100,3443.5490000000004,3438.533,0.0075,0.0075
31.03.2021 09:00:19.207 GMT+0100,3444.467,3438.738,0.02,0.02
31.03.2021 09:00:27.652 GMT+0100,3444.385,3440.492,0.0075,0.0075
31.03.2021 09:00:27.703 GMT+0100,3445.426,3440.533,0.02,0.02
31.03.2021 09:00:27.814 GMT+0100,3445.385,3439.5740000000005,0.02,0.02
31.03.2021 09:00:29.822 GMT+0100,3446.221,3439.533,0.02,0.02
31.03.2021 09:00:30.885 GMT+0100,3445.303,3439.697,0.0075,0.02
31.03.2021 09:00:31.235 GMT+0100,3446.303,3439.697,0.02,0.02
31.03.2021 09:00:32.210 GMT+0100,3446.426,3442,0.02,0.0075
31.03.2021 09:00:37.895 GMT+0100,3445.221,3441.656,0.02,0.02
31.03.2021 09:00:46.717 GMT+0100,3446.3440000000005,3441.656,0.02,0.02
31.03.2021 09:00:47.189 GMT+0100,3445.1800000000003,3441.5740000000005,0.0075,0.02
31.03.2021 09:00:59.305 GMT+0100,3445,3439.5740000000005,0.02,0.02
31.03.2021 09:01:03.019 GMT+0100,3446.221,3440.656,0.02,0.02
31.03.2021 09:01:05.063 GMT+0100,3445.467,3440.451,0.0075,0.02
31.03.2021 09:01:05.114 GMT+0100,3445.3440000000005,3439.82,0.02,0.02
31.03.2021 09:01:09.200 GMT+0100,3446.426,3440.697,0.02,0.02
31.03.2021 09:01:11.134 GMT+0100,3445.5490000000004,3440.533,0.0075,0.02
31.03.2021 09:01:11.184 GMT+0100,3445.5490000000004,3439.738,0.02,0.02
31.03.2021 09:01:14.459 GMT+0100,3445.221,3440.82,0.0075,0.0075
31.03.2021 09:01:14.509 GMT+0100,3446.508,3440.7790000000005,0.02,0.02
31.03.2021 09:01:42.099 GMT+0100,3446.3440000000005,3442.533,0.0075,0.0075
31.03.2021 09:01:42.149 GMT+0100,3448.303,3442.82,0.02,0.02
31.03.2021 09:01:43.215 GMT+0100,3448,3441.451,0.02,0.02
31.03.2021 09:01:45.377 GMT+0100,3447.508,3441.656,0.0075,0.02
31.03.2021 09:01:59.844 GMT+0100,3448.508,3442,0.02,0.02
31.03.2021 09:02:01.635 GMT+0100,3447.385,3441.697,0.0075,0.02
31.03.2021 09:02:02.501 GMT+0100,3448.262,3441.697,0.02,0.02
31.03.2021 09:02:18.637 GMT+0100,3447.426,3441.492,0.02,0.02
31.03.2021 09:02:19.019 GMT+0100,3446.385,3441.82,0.0075,0.02
31.03.2021 09:02:19.214 GMT+0100,3446.3440000000005,3440.5740000000005,0.02,0.02
31.03.2021 09:02:19.265 GMT+0100,3446.3440000000005,3441.697,0.02,0.02
31.03.2021 09:02:20.063 GMT+0100,3446.467,3441,0.02,0.02
31.03.2021 09:02:20.481 GMT+0100,3446.1800000000003,3441.6150000000002,0.02,0.0075
31.03.2021 09:02:24.418 GMT+0100,3447.3440000000005,3441.697,0.02,0.02
31.03.2021 09:02:26.227 GMT+0100,3446.508,3441.492,0.0075,0.0075
31.03.2021 09:02:26.278 GMT+0100,3446.5490000000004,3440.738,0.02,0.02
31.03.2021 09:02:26.328 GMT+0100,3446.3440000000005,3441.82,0.02,0.02
31.03.2021 09:02:28.703 GMT+0100,3447.262,3441.82,0.02,0.02
31.03.2021 09:02:30.185 GMT+0100,3448.5490000000004,3443.492,0.02,0.02
31.03.2021 09:02:30.235 GMT+0100,3449.1800000000003,3443.5740000000005,0.02,0.02
31.03.2021 09:02:30.285 GMT+0100,3448,3442.697,0.02,0.02
31.03.2021 09:02:53.465 GMT+0100,3449.385,3442.738,0.02,0.02
31.03.2021 09:02:54.058 GMT+0100,3449.262,3443.738,0.0075,0.0075
31.03.2021 09:02:54.108 GMT+0100,3450.5490000000004,3443.533,0.02,0.02
31.03.2021 09:03:04.052 GMT+0100,3450.303,3444.6150000000002,0.02,0.0075
31.03.2021 09:03:06.366 GMT+0100,3451.221,3446,0.02,0.02
31.03.2021 09:03:41.498 GMT+0100,3451.5490000000004,3446.738,0.02,0.02
31.03.2021 09:03:41.656 GMT+0100,3451.3440000000005,3445.7790000000005,0.02,0.02
31.03.2021 09:03:56.990 GMT+0100,3450.467,3446.82,0.0075,0.0075
31.03.2021 09:04:03.317 GMT+0100,3450.3440000000005,3445.533,0.02,0.02
31.03.2021 09:04:15.433 GMT+0100,3449.467,3445.5740000000005,0.0075,0.0075
31.03.2021 09:04:15.483 GMT+0100,3449.3440000000005,3445,0.02,0.02
31.03.2021 09:04:26.978 GMT+0100,3450.221,3444.492,0.02,0.02
31.03.2021 09:04:28.138 GMT+0100,3450.221,3445.5740000000005,0.02,0.0075
31.03.2021 09:04:40.559 GMT+0100,3450.262,3444.656,0.02,0.02
31.03.2021 09:04:41.976 GMT+0100,3450.508,3445.6150000000002,0.02,0.0075
31.03.2021 09:04:50.724 GMT+0100,3450.303,3444.533,0.02,0.02
31.03.2021 09:05:10.295 GMT+0100,3450.385,3445.5740000000005,0.02,0.0075
31.03.2021 09:05:17.937 GMT+0100,3450.508,3446.492,0.02,0.02
31.03.2021 09:05:55.200 GMT+0100,3450.221,3447.451,0.02,0.0075
31.03.2021 09:05:55.251 GMT+0100,3452.508,3447.533,0.02,0.02
31.03.2021 09:05:55.869 GMT+0100,3452.385,3448.82,0.02,0.0075
31.03.2021 09:06:01.213 GMT+0100,3452.1800000000003,3449.656,0.02,0.02
31.03.2021 09:06:11.258 GMT+0100,3452.303,3448.738,0.02,0.02
31.03.2021 09:06:11.309 GMT+0100,3455.508,3450.6150000000002,0.02,0.02
31.03.2021 09:06:15.287 GMT+0100,3455.303,3451.6150000000002,0.02,0.0075
31.03.2021 09:06:22.846 GMT+0100,3456.5490000000004,3451.82,0.02,0.02
31.03.2021 09:06:23.862 GMT+0100,3457,3451.5740000000005,0.02,0.02
31.03.2021 09:06:23.913 GMT+0100,3456.3440000000005,3451.656,0.02,0.02
31.03.2021 09:06:57.646 GMT+0100,3457.426,3451.533,0.02,0.02
31.03.2021 09:06:59.212 GMT+0100,3456.5490000000004,3452,0.02,0.02
31.03.2021 09:07:00.261 GMT+0100,3457.303,3451.492,0.02,0.02
31.03.2021 09:07:00.311 GMT+0100,3456.385,3451.738,0.02,0.02
31.03.2021 09:07:00.458 GMT+0100,3456.467,3452.697,0.02,0.0075
31.03.2021 09:07:00.508 GMT+0100,3457.467,3452.697,0.02,0.02
31.03.2021 09:07:03.478 GMT+0100,3457.3440000000005,3453.7790000000005,0.02,0.0075
31.03.2021 09:07:27.339 GMT+0100,3456.303,3453.492,0.02,0.02
31.03.2021 09:07:38.195 GMT+0100,3458,3453.697,0.02,0.02
31.03.2021 09:07:38.418 GMT+0100,3459.303,3453.6150000000002,0.02,0.02
31.03.2021 09:07:38.468 GMT+0100,3458.3440000000005,3453.7790000000005,0.02,0.02
31.03.2021 09:07:41.649 GMT+0100,3458.3440000000005,3454.82,0.0075,0.0075
31.03.2021 09:07:41.699 GMT+0100,3459.508,3454.656,0.02,0.02
31.03.2021 09:08:29.218 GMT+0100,3458.508,3454.656,0.0075,0.02
31.03.2021 09:08:38.226 GMT+0100,3459.467,3454.82,0.02,0.02
31.03.2021 09:08:39.867 GMT+0100,3460.303,3454.5740000000005,0.02,0.02
31.03.2021 09:08:40.078 GMT+0100,3460,3456.533,0.02,0.0075
31.03.2021 09:08:44.047 GMT+0100,3461.221,3457.492,0.02,0.02
31.03.2021 09:08:59.303 GMT+0100,3462.467,3457.5740000000005,0.02,0.02
31.03.2021 09:09:00.162 GMT+0100,3463.221,3457.82,0.02,0.02
31.03.2021 09:09:00.212 GMT+0100,3463.508,3458.533,0.02,0.02
31.03.2021 09:09:05.371 GMT+0100,3462.385,3458.451,0.0075,0.02
31.03.2021 09:09:18.553 GMT+0100,3461.508,3458.7790000000005,0.0075,0.0075
31.03.2021 09:09:18.603 GMT+0100,3460.262,3455.6150000000002,0.02,0.02
31.03.2021 09:09:19.109 GMT+0100,3455.221,3450.82,0.02,0.02
31.03.2021 09:09:21.680 GMT+0100,3457.303,3451.738,0.02,0.02
31.03.2021 09:09:22.243 GMT+0100,3458.508,3451.492,0.02,0.02
31.03.2021 09:09:24.187 GMT+0100,3457.426,3451.533,0.0075,0.02
31.03.2021 09:09:24.890 GMT+0100,3458.1800000000003,3451.5740000000005,0.02,0.02
31.03.2021 09:09:25.673 GMT+0100,3458.221,3452.7790000000005,0.02,0.02
31.03.2021 09:09:34.006 GMT+0100,3459,3453.533,0.02,0.02
31.03.2021 09:09:35.684 GMT+0100,3458.467,3453.738,0.0075,0.02
31.03.2021 09:09:54.975 GMT+0100,3457.303,3453.5740000000005,0.0075,0.0075
31.03.2021 09:09:56.068 GMT+0100,3456.385,3451.738,0.02,0.02
31.03.2021 09:09:59.003 GMT+0100,3456.3440000000005,3452.656,0.02,0.0075
31.03.2021 09:10:01.213 GMT+0100,3456.5490000000004,3451.6150000000002,0.02,0.02
31.03.2021 09:10:16.313 GMT+0100,3456.5490000000004,3452.697,0.02,0.0075
31.03.2021 09:10:24.144 GMT+0100,3456.1800000000003,3451.738,0.02,0.02
31.03.2021 09:10:26.179 GMT+0100,3456.385,3452.451,0.02,0.0075
31.03.2021 09:10:28.664 GMT+0100,3456.508,3451.656,0.02,0.02
31.03.2021 09:11:09.868 GMT+0100,3456.221,3453,0.02,0.0075
31.03.2021 09:11:24.347 GMT+0100,3458.221,3453,0.02,0.02
31.03.2021 09:11:26.363 GMT+0100,3456.303,3452.697,0.0075,0.02
31.03.2021 09:11:39.714 GMT+0100,3456.385,3451.451,0.02,0.02
31.03.2021 09:11:57.794 GMT+0100,3456.467,3452.697,0.02,0.0075
31.03.2021 09:12:00.128 GMT+0100,3456.385,3451.533,0.02,0.02
31.03.2021 09:12:03.999 GMT+0100,3456.221,3452.656,0.02,0.0075
31.03.2021 09:12:16.409 GMT+0100,3456.1800000000003,3451.697,0.02,0.02
31.03.2021 09:12:23.469 GMT+0100,3456,3452.533,0.02,0.0075
31.03.2021 09:12:24.130 GMT+0100,3456.5490000000004,3451.697,0.02,0.02
31.03.2021 09:12:24.180 GMT+0100,3456.385,3452.492,0.02,0.02
31.03.2021 09:12:29.045 GMT+0100,3456,3451.492,0.02,0.02
31.03.2021 09:12:30.643 GMT+0100,3457.5490000000004,3451.6150000000002,0.02,0.02
31.03.2021 09:12:43.739 GMT+0100,3457.303,3452.451,0.0075,0.0075
31.03.2021 09:12:43.789 GMT+0100,3458.5490000000004,3452.451,0.02,0.02
31.03.2021 09:12:47.018 GMT+0100,3458,3453.6150000000002,0.02,0.02
31.03.2021 09:12:47.347 GMT+0100,3458.467,3454.738,0.02,0.0075
31.03.2021 09:12:47.447 GMT+0100,3459.385,3454.6150000000002,0.02,0.02
31.03.2021 09:12:55.889 GMT+0100,3458.303,3454.6150000000002,0.0075,0.02
31.03.2021 09:12:58.911 GMT+0100,3459.3440000000005,3454.7790000000005,0.02,0.02
31.03.2021 09:12:59.192 GMT+0100,3458,3454.82,0.0075,0.02
31.03.2021 09:13:01.281 GMT+0100,3459.385,3454.533,0.02,0.02
31.03.2021 09:13:02.995 GMT+0100,3458.508,3454.82,0.0075,0.02
31.03.2021 09:13:04.712 GMT+0100,3459.5490000000004,3454.738,0.02,0.02
31.03.2021 09:13:08.707 GMT+0100,3460.262,3455.7790000000005,0.02,0.02
31.03.2021 09:13:11.028 GMT+0100,3460.508,3457.7790000000005,0.0075,0.0075
31.03.2021 09:13:11.079 GMT+0100,3463.1800000000003,3457.656,0.02,0.02
31.03.2021 09:13:19.508 GMT+0100,3464.221,3458.533,0.02,0.02
31.03.2021 09:13:19.609 GMT+0100,3463.262,3458.451,0.02,0.02
31.03.2021 09:13:27.371 GMT+0100,3462.467,3458.533,0.02,0.02
31.03.2021 09:13:27.482 GMT+0100,3461.221,3456.492,0.02,0.02
31.03.2021 09:13:27.586 GMT+0100,3461.508,3455.533,0.02,0.02
31.03.2021 09:13:30.379 GMT+0100,3461.303,3456.451,0.0075,0.0075
31.03.2021 09:13:30.430 GMT+0100,3462.1800000000003,3457,0.02,0.02
31.03.2021 09:13:32.110 GMT+0100,3462,3457.82,0.02,0.02
31.03.2021 09:13:35.039 GMT+0100,3463,3457.697,0.02,0.02
31.03.2021 09:13:35.209 GMT+0100,3464.385,3457.7790000000005,0.02,0.02
31.03.2021 09:13:36.359 GMT+0100,3464.303,3460,0.02,0.0075
31.03.2021 09:14:05.435 GMT+0100,3464.508,3460.82,0.02,0.02
31.03.2021 09:14:09.083 GMT+0100,3464.303,3459.6150000000002,0.02,0.02
31.03.2021 09:14:32.006 GMT+0100,3464.5490000000004,3460.738,0.02,0.0075
31.03.2021 09:14:52.388 GMT+0100,3463.1800000000003,3461,0.0075,0.0075
31.03.2021 09:14:52.438 GMT+0100,3463.262,3458.492,0.02,0.02
31.03.2021 09:14:53.461 GMT+0100,3464.5490000000004,3458.738,0.02,0.02
31.03.2021 09:14:54.102 GMT+0100,3464.467,3459.533,0.02,0.0075
31.03.2021 09:15:16.063 GMT+0100,3464.5490000000004,3460.492,0.02,0.0075
31.03.2021 09:15:30.611 GMT+0100,3464.221,3459.738,0.02,0.02
31.03.2021 09:15:43.615 GMT+0100,3463.221,3458.697,0.02,0.02
31.03.2021 09:15:44.073 GMT+0100,3463.5490000000004,3457.82,0.02,0.02
31.03.2021 09:15:44.564 GMT+0100,3463.3440000000005,3458.492,0.02,0.02
31.03.2021 09:15:48.140 GMT+0100,3464.221,3458.451,0.02,0.02
31.03.2021 09:15:59.180 GMT+0100,3463,3458.451,0.0075,0.02
31.03.2021 09:16:00.068 GMT+0100,3464.221,3458.7790000000005,0.02,0.02
31.03.2021 09:16:06.716 GMT+0100,3463.385,3458.697,0.02,0.02
31.03.2021 09:16:06.817 GMT+0100,3461.5490000000004,3457,0.02,0.02
31.03.2021 09:16:06.928 GMT+0100,3460.303,3456,0.02,0.02
31.03.2021 09:16:07.567 GMT+0100,3460.5490000000004,3456.738,0.02,0.0075
31.03.2021 09:16:08.730 GMT+0100,3460,3455.6150000000002,0.02,0.02
31.03.2021 09:16:09.016 GMT+0100,3460.385,3456.533,0.02,0.0075
31.03.2021 09:16:13.079 GMT+0100,3460.262,3455.82,0.02,0.02
31.03.2021 09:16:15.443 GMT+0100,3460.1800000000003,3456.492,0.02,0.0075
31.03.2021 09:16:17.124 GMT+0100,3460.221,3456,0.02,0.02
31.03.2021 09:17:10.125 GMT+0100,3460.3440000000005,3454.533,0.02,0.02
31.03.2021 09:17:10.175 GMT+0100,3460,3455.82,0.02,0.02
31.03.2021 09:17:25.908 GMT+0100,3459,3454.533,0.02,0.02
31.03.2021 09:17:26.018 GMT+0100,3458.385,3454.6150000000002,0.02,0.02
31.03.2021 09:17:30.341 GMT+0100,3459.262,3454.7790000000005,0.02,0.02
31.03.2021 09:17:37.626 GMT+0100,3460.385,3454.451,0.02,0.02
31.03.2021 09:17:57.389 GMT+0100,3461.221,3455.533,0.02,0.02
31.03.2021 09:18:29.529 GMT+0100,3459.262,3454.738,0.02,0.02
31.03.2021 09:18:29.630 GMT+0100,3460.467,3455.451,0.02,0.02
31.03.2021 09:18:29.680 GMT+0100,3461.262,3456,0.02,0.02
31.03.2021 09:18:46.310 GMT+0100,3460.221,3454.738,0.02,0.02
31.03.2021 09:18:50.445 GMT+0100,3459.467,3454.738,0.02,0.02
31.03.2021 09:18:53.231 GMT+0100,3456.3440000000005,3451.6150000000002,0.02,0.02
31.03.2021 09:18:53.281 GMT+0100,3457.426,3451.5740000000005,0.02,0.02
31.03.2021 09:18:54.406 GMT+0100,3457.385,3452.82,0.0075,0.0075
31.03.2021 09:18:59.307 GMT+0100,3458.1800000000003,3452.82,0.02,0.02
31.03.2021 09:19:00.220 GMT+0100,3457.1800000000003,3452.656,0.0075,0.02
31.03.2021 09:19:00.321 GMT+0100,3456.5490000000004,3450.656,0.02,0.02
31.03.2021 09:19:10.278 GMT+0100,3457.221,3451.82,0.02,0.02
31.03.2021 09:19:11.389 GMT+0100,3455.385,3450.451,0.02,0.02
31.03.2021 09:19:15.776 GMT+0100,3454.5490000000004,3450.5740000000005,0.0075,0.02
31.03.2021 09:19:15.827 GMT+0100,3454.385,3449.533,0.02,0.02
31.03.2021 09:19:15.927 GMT+0100,3455.3440000000005,3449.533,0.02,0.02
31.03.2021 09:19:24.184 GMT+0100,3455.467,3450.7790000000005,0.0075,0.0075
31.03.2021 09:19:24.234 GMT+0100,3456.221,3450.533,0.02,0.02
31.03.2021 09:19:51.732 GMT+0100,3455.303,3450.738,0.0075,0.02
31.03.2021 09:19:51.809 GMT+0100,3454.467,3448.738,0.02,0.02
31.03.2021 09:19:51.859 GMT+0100,3454.3440000000005,3449.7790000000005,0.02,0.02
31.03.2021 09:19:52.128 GMT+0100,3454,3448.738,0.02,0.02
31.03.2021 09:19:53.831 GMT+0100,3454.303,3449.82,0.02,0.0075
31.03.2021 09:19:55.958 GMT+0100,3455.1800000000003,3450.451,0.02,0.02
31.03.2021 09:20:53.156 GMT+0100,3454.221,3450.492,0.0075,0.0075
31.03.2021 09:20:53.206 GMT+0100,3454.262,3449.492,0.02,0.02
31.03.2021 09:20:56.972 GMT+0100,3454,3450.656,0.0075,0.0075
31.03.2021 09:20:57.022 GMT+0100,3455.5490000000004,3450.6150000000002,0.02,0.02
31.03.2021 09:21:11.059 GMT+0100,3454.262,3451,0.0075,0.0075
31.03.2021 09:21:11.109 GMT+0100,3454.508,3449.7790000000005,0.02,0.02
31.03.2021 09:21:14.847 GMT+0100,3454.467,3450.738,0.0075,0.0075
31.03.2021 09:21:14.897 GMT+0100,3455,3450.6150000000002,0.02,0.02
31.03.2021 09:21:43.610 GMT+0100,3454.262,3449.7790000000005,0.02,0.02
31.03.2021 09:21:44.640 GMT+0100,3454.1800000000003,3450.82,0.0075,0.0075
31.03.2021 09:21:44.690 GMT+0100,3455.385,3450.6150000000002,0.02,0.02
31.03.2021 09:22:02.317 GMT+0100,3454.1800000000003,3448.5740000000005,0.02,0.02
31.03.2021 09:22:02.405 GMT+0100,3454.3440000000005,3449.492,0.02,0.02
31.03.2021 09:22:05.496 GMT+0100,3454.303,3451.82,0.0075,0.0075
31.03.2021 09:22:05.547 GMT+0100,3459.3440000000005,3453.82,0.02,0.02
31.03.2021 09:22:05.597 GMT+0100,3458.467,3453.82,0.02,0.02
31.03.2021 09:22:05.725 GMT+0100,3459.3440000000005,3453.6150000000002,0.02,0.02
31.03.2021 09:22:05.891 GMT+0100,3459.221,3452.7790000000005,0.02,0.02
31.03.2021 09:22:05.941 GMT+0100,3459.426,3453.5740000000005,0.02,0.02
31.03.2021 09:22:06.572 GMT+0100,3459.426,3454.451,0.02,0.02
31.03.2021 09:22:07.061 GMT+0100,3456.221,3454.451,0.0075,0.0075
31.03.2021 09:22:07.112 GMT+0100,3456.262,3450.533,0.02,0.02
31.03.2021 09:22:07.228 GMT+0100,3456.508,3452.7790000000005,0.0075,0.0075
31.03.2021 09:22:07.278 GMT+0100,3457.426,3452.82,0.02,0.02
31.03.2021 09:22:09.953 GMT+0100,3458.262,3452.7790000000005,0.02,0.02
31.03.2021 09:22:11.541 GMT+0100,3457.508,3452.533,0.0075,0.02
31.03.2021 09:22:20.929 GMT+0100,3457.303,3453.697,0.0075,0.0075
31.03.2021 09:22:20.980 GMT+0100,3458.3440000000005,3453.7790000000005,0.02,0.02
31.03.2021 09:22:26.582 GMT+0100,3458.3440000000005,3452.6150000000002,0.02,0.02
31.03.2021 09:22:31.854 GMT+0100,3458.426,3453.6150000000002,0.02,0.02
31.03.2021 09:22:37.568 GMT+0100,3458.426,3452.7790000000005,0.02,0.02
31.03.2021 09:22:37.619 GMT+0100,3459.508,3454,0.02,0.02
31.03.2021 09:22:38.340 GMT+0100,3458.467,3453.697,0.02,0.02
31.03.2021 09:22:39.718 GMT+0100,3457.467,3452.697,0.02,0.02
31.03.2021 09:24:20.556 GMT+0100,3457.467,3453.492,0.02,0.0075
31.03.2021 09:24:20.606 GMT+0100,3457.508,3452.5740000000005,0.02,0.02
31.03.2021 09:24:42.226 GMT+0100,3455.5490000000004,3452.492,0.02,0.02
31.03.2021 09:24:43.092 GMT+0100,3454.1800000000003,3452.451,0.0075,0.0075
31.03.2021 09:24:43.142 GMT+0100,3454.221,3449.492,0.02,0.02
31.03.2021 09:24:46.348 GMT+0100,3454.508,3448.697,0.02,0.02
31.03.2021 09:25:00.389 GMT+0100,3452.303,3446.656,0.02,0.02
31.03.2021 09:25:02.491 GMT+0100,3452.5490000000004,3445.451,0.02,0.02
31.03.2021 09:25:04.051 GMT+0100,3450.1800000000003,3446,0.0075,0.02
31.03.2021 09:25:04.211 GMT+0100,3451.3440000000005,3445.697,0.02,0.02
31.03.2021 09:25:04.416 GMT+0100,3450.467,3444.656,0.02,0.02
31.03.2021 09:25:05.820 GMT+0100,3450.221,3445.738,0.02,0.0075
31.03.2021 09:25:07.076 GMT+0100,3450.303,3446.656,0.0075,0.0075
31.03.2021 09:25:07.126 GMT+0100,3451.5490000000004,3447,0.02,0.02
31.03.2021 09:25:11.672 GMT+0100,3450,3445,0.02,0.02
31.03.2021 09:25:26.846 GMT+0100,3450.1800000000003,3443.738,0.02,0.02
31.03.2021 09:25:27.600 GMT+0100,3450.5490000000004,3444.82,0.02,0.02
31.03.2021 09:25:36.784 GMT+0100,3449.5490000000004,3444.82,0.0075,0.02
31.03.2021 09:25:38.133 GMT+0100,3449.1800000000003,3443.697,0.02,0.02
31.03.2021 09:25:39.170 GMT+0100,3449.303,3444.656,0.02,0.0075
31.03.2021 09:25:45.802 GMT+0100,3449.508,3443.82,0.02,0.02
31.03.2021 09:25:47.787 GMT+0100,3449.262,3444.5740000000005,0.02,0.0075
31.03.2021 09:25:59.281 GMT+0100,3449.467,3443.6150000000002,0.02,0.02
31.03.2021 09:26:01.835 GMT+0100,3449.5490000000004,3444.492,0.02,0.0075
31.03.2021 09:26:21.076 GMT+0100,3449,3445.451,0.02,0.0075
31.03.2021 09:26:25.395 GMT+0100,3449.262,3444.738,0.02,0.02
31.03.2021 09:26:26.484 GMT+0100,3449.221,3443.492,0.02,0.02
31.03.2021 09:26:32.080 GMT+0100,3449.3440000000005,3444.5740000000005,0.02,0.0075
31.03.2021 09:26:32.652 GMT+0100,3449.385,3443.533,0.02,0.02
31.03.2021 09:26:33.780 GMT+0100,3449.385,3444.5740000000005,0.02,0.02
31.03.2021 09:26:34.219 GMT+0100,3449.508,3443.492,0.02,0.02
31.03.2021 09:26:35.499 GMT+0100,3447.221,3443.492,0.0075,0.0075
31.03.2021 09:26:35.549 GMT+0100,3447.467,3442.656,0.02,0.02
31.03.2021 09:26:36.128 GMT+0100,3447,3441.451,0.02,0.02
31.03.2021 09:26:37.172 GMT+0100,3447.385,3442.82,0.02,0.02
31.03.2021 09:26:37.304 GMT+0100,3447.303,3441.82,0.02,0.02
31.03.2021 09:26:41.007 GMT+0100,3447.385,3442.656,0.02,0.0075
31.03.2021 09:26:51.100 GMT+0100,3447,3444.7790000000005,0.0075,0.0075
31.03.2021 09:26:51.150 GMT+0100,3448.3440000000005,3444.492,0.02,0.02
31.03.2021 09:26:57.119 GMT+0100,3448.221,3443.533,0.02,0.02
31.03.2021 09:27:06.483 GMT+0100,3449.1800000000003,3443.7790000000005,0.02,0.02
31.03.2021 09:27:06.534 GMT+0100,3449.385,3444.451,0.02,0.02
31.03.2021 09:27:09.807 GMT+0100,3449.426,3443.82,0.02,0.02
31.03.2021 09:27:15.087 GMT+0100,3449.426,3444.82,0.02,0.0075
31.03.2021 09:27:21.283 GMT+0100,3449.467,3443.7790000000005,0.02,0.02
31.03.2021 09:27:25.528 GMT+0100,3448.1800000000003,3443.451,0.02,0.02
31.03.2021 09:27:32.393 GMT+0100,3449.221,3444.6150000000002,0.02,0.02
31.03.2021 09:27:33.798 GMT+0100,3449.3440000000005,3443.82,0.02,0.02
31.03.2021 09:27:47.797 GMT+0100,3448.221,3443.738,0.0075,0.02
31.03.2021 09:27:59.569 GMT+0100,3449,3444.738,0.02,0.02
31.03.2021 09:28:08.573 GMT+0100,3448.221,3444.492,0.0075,0.0075
31.03.2021 09:28:08.623 GMT+0100,3448.5490000000004,3443.697,0.02,0.02
31.03.2021 09:28:10.467 GMT+0100,3448.3440000000005,3444.492,0.0075,0.0075
31.03.2021 09:28:10.517 GMT+0100,3449.5490000000004,3444.533,0.02,0.02
31.03.2021 09:28:13.789 GMT+0100,3449.426,3446.6150000000002,0.0075,0.0075
31.03.2021 09:28:13.839 GMT+0100,3451.508,3446.492,0.02,0.02
31.03.2021 09:28:14.955 GMT+0100,3451.467,3445.656,0.02,0.02
31.03.2021 09:28:15.315 GMT+0100,3451.262,3446.492,0.02,0.0075
31.03.2021 09:28:16.263 GMT+0100,3451.262,3445.7790000000005,0.02,0.02
31.03.2021 09:28:16.793 GMT+0100,3450.385,3445.451,0.0075,0.02
31.03.2021 09:28:30.364 GMT+0100,3449.426,3446,0.0075,0.0075
31.03.2021 09:28:30.415 GMT+0100,3449.426,3444.5740000000005,0.02,0.02
31.03.2021 09:28:30.867 GMT+0100,3449.467,3443.533,0.02,0.02
31.03.2021 09:28:38.276 GMT+0100,3449,3445,0.0075,0.0075
31.03.2021 09:28:38.326 GMT+0100,3450.467,3444.451,0.02,0.02
31.03.2021 09:28:38.377 GMT+0100,3450.5490000000004,3445.492,0.02,0.02
31.03.2021 09:28:38.427 GMT+0100,3451.3440000000005,3445.492,0.02,0.02
31.03.2021 09:28:41.356 GMT+0100,3450.1800000000003,3445.533,0.0075,0.02
31.03.2021 09:28:41.457 GMT+0100,3450.3440000000005,3444.492,0.02,0.02
31.03.2021 09:28:45.508 GMT+0100,3450.508,3445.738,0.02,0.02
31.03.2021 09:29:05.348 GMT+0100,3449,3446,0.0075,0.0075
31.03.2021 09:29:05.398 GMT+0100,3449.221,3444.451,0.02,0.02
31.03.2021 09:29:28.504 GMT+0100,3449,3443.533,0.02,0.02
31.03.2021 09:29:28.554 GMT+0100,3448.3440000000005,3443.656,0.02,0.02
31.03.2021 09:29:28.764 GMT+0100,3448.508,3445,0.0075,0.0075
31.03.2021 09:29:28.814 GMT+0100,3449.467,3444.492,0.02,0.02
31.03.2021 09:29:29.793 GMT+0100,3449.426,3445.533,0.02,0.0075
31.03.2021 09:29:29.843 GMT+0100,3450,3445.6150000000002,0.02,0.02
31.03.2021 09:29:29.894 GMT+0100,3449.426,3445.738,0.0075,0.02
31.03.2021 09:29:34.221 GMT+0100,3450.426,3445.656,0.02,0.02
31.03.2021 09:29:37.851 GMT+0100,3449.262,3445.5740000000005,0.02,0.02
31.03.2021 09:29:43.230 GMT+0100,3450.221,3445.697,0.02,0.02
31.03.2021 09:29:55.312 GMT+0100,3449.508,3445.492,0.0075,0.02
31.03.2021 09:30:00.579 GMT+0100,3450,3445.738,0.02,0.02
31.03.2021 09:30:04.499 GMT+0100,3449.426,3445.738,0.0075,0.02
31.03.2021 09:30:34.338 GMT+0100,3450.1800000000003,3445.82,0.02,0.02
31.03.2021 09:30:44.330 GMT+0100,3449.426,3445.6150000000002,0.0075,0.02
31.03.2021 09:30:53.890 GMT+0100,3450.508,3445.5740000000005,0.02,0.02
31.03.2021 09:30:56.784 GMT+0100,3449.426,3445.738,0.0075,0.02
31.03.2021 09:31:08.578 GMT+0100,3450.3440000000005,3445.82,0.02,0.02
31.03.2021 09:31:13.964 GMT+0100,3449.1800000000003,3446.5740000000005,0.0075,0.0075
31.03.2021 09:31:28.494 GMT+0100,3455.5490000000004,3450,0.02,0.02
31.03.2021 09:31:28.972 GMT+0100,3455,3450.533,0.02,0.0075
31.03.2021 09:31:29.425 GMT+0100,3455.303,3451.5740000000005,0.02,0.02
31.03.2021 09:31:29.484 GMT+0100,3456,3451.6150000000002,0.02,0.02
31.03.2021 09:31:29.564 GMT+0100,3456.303,3450.6150000000002,0.02,0.02
31.03.2021 09:31:31.446 GMT+0100,3455.426,3450.738,0.0075,0.02
31.03.2021 09:31:31.497 GMT+0100,3455.385,3450,0.02,0.02
31.03.2021 09:31:32.434 GMT+0100,3455.3440000000005,3451.82,0.02,0.02
31.03.2021 09:31:32.949 GMT+0100,3456,3451.656,0.02,0.02
31.03.2021 09:31:39.063 GMT+0100,3456.221,3452.738,0.02,0.02
31.03.2021 09:31:43.006 GMT+0100,3457.426,3452.7790000000005,0.02,0.02
31.03.2021 09:31:44.633 GMT+0100,3458,3454.738,0.02,0.02
31.03.2021 09:31:47.214 GMT+0100,3457.303,3453.5740000000005,0.02,0.02
31.03.2021 09:31:47.264 GMT+0100,3457.508,3453,0.02,0.02
31.03.2021 09:32:14.270 GMT+0100,3455.1800000000003,3449.6150000000002,0.02,0.02
31.03.2021 09:32:14.320 GMT+0100,3454.467,3449.7790000000005,0.02,0.02
31.03.2021 09:32:14.459 GMT+0100,3455,3449.656,0.02,0.02
31.03.2021 09:32:16.013 GMT+0100,3455.467,3450.82,0.02,0.0075
31.03.2021 09:32:25.597 GMT+0100,3456,3454,0.02,0.02
31.03.2021 09:32:25.648 GMT+0100,3457.467,3453.697,0.02,0.02
31.03.2021 09:32:25.708 GMT+0100,3457,3454.492,0.0075,0.0075
31.03.2021 09:32:25.758 GMT+0100,3458.221,3453.6150000000002,0.02,0.02
31.03.2021 09:32:26.801 GMT+0100,3459.385,3453.451,0.02,0.02
31.03.2021 09:32:28.232 GMT+0100,3460.508,3454.656,0.02,0.02
31.03.2021 09:32:37.076 GMT+0100,3458.508,3454.738,0.0075,0.0075
31.03.2021 09:32:37.126 GMT+0100,3458,3453.656,0.02,0.02
31.03.2021 09:32:37.719 GMT+0100,3459.467,3453.7790000000005,0.02,0.02
31.03.2021 09:32:40.237 GMT+0100,3457.303,3451.656,0.02,0.02
31.03.2021 09:33:01.737 GMT+0100,3457.385,3452.656,0.02,0.0075
31.03.2021 09:33:01.787 GMT+0100,3458.221,3452.533,0.02,0.02
31.03.2021 09:33:18.757 GMT+0100,3458,3453.6150000000002,0.02,0.02
31.03.2021 09:33:18.908 GMT+0100,3459.385,3453.82,0.02,0.02
31.03.2021 09:33:18.964 GMT+0100,3458.426,3453.533,0.0075,0.02
31.03.2021 09:33:49.896 GMT+0100,3458.262,3452.656,0.02,0.02
31.03.2021 09:34:09.711 GMT+0100,3458.262,3453.656,0.02,0.0075
31.03.2021 09:34:09.866 GMT+0100,3458.303,3454.5740000000005,0.02,0.0075
31.03.2021 09:34:09.917 GMT+0100,3458.221,3453.451,0.02,0.02
31.03.2021 09:34:22.211 GMT+0100,3458.508,3455.533,0.0075,0.0075
31.03.2021 09:34:22.261 GMT+0100,3462.303,3456.533,0.02,0.02
31.03.2021 09:34:22.312 GMT+0100,3461.508,3456.738,0.02,0.02
31.03.2021 09:34:22.414 GMT+0100,3462.5490000000004,3456.5740000000005,0.02,0.02
31.03.2021 09:34:23.204 GMT+0100,3461.1800000000003,3456.451,0.0075,0.02
31.03.2021 09:34:24.100 GMT+0100,3461.303,3457.656,0.02,0.0075
31.03.2021 09:34:32.226 GMT+0100,3462.426,3457.7790000000005,0.02,0.02
31.03.2021 09:34:35.802 GMT+0100,3461.385,3457.738,0.0075,0.02
31.03.2021 09:34:39.702 GMT+0100,3462.221,3457.697,0.02,0.02
31.03.2021 09:34:45.702 GMT+0100,3461.508,3457.656,0.02,0.02
31.03.2021 09:35:15.868 GMT+0100,3462.426,3457.533,0.02,0.02
31.03.2021 09:35:15.919 GMT+0100,3461.467,3457.5740000000005,0.02,0.02
31.03.2021 09:35:15.969 GMT+0100,3462.1800000000003,3458,0.02,0.02
31.03.2021 09:35:19.861 GMT+0100,3461.3440000000005,3457.697,0.02,0.02
31.03.2021 09:35:50.303 GMT+0100,3460.221,3457.82,0.0075,0.0075
31.03.2021 09:35:50.353 GMT+0100,3460.3440000000005,3456,0.02,0.02
31.03.2021 09:36:03.460 GMT+0100,3460.262,3456.697,0.02,0.0075
31.03.2021 09:36:03.510 GMT+0100,3461.303,3456.6150000000002,0.02,0.02
31.03.2021 09:36:09.108 GMT+0100,3462.3440000000005,3457,0.02,0.02
31.03.2021 09:36:16.056 GMT+0100,3461.262,3456.492,0.0075,0.02
31.03.2021 09:36:16.107 GMT+0100,3462.5490000000004,3456.492,0.02,0.02
31.03.2021 09:36:16.157 GMT+0100,3461.426,3456.6150000000002,0.02,0.02
31.03.2021 09:36:17.670 GMT+0100,3461.508,3457.451,0.02,0.0075
31.03.2021 09:36:40.682 GMT+0100,3463.508,3457.5740000000005,0.02,0.02
31.03.2021 09:36:40.732 GMT+0100,3462,3457.451,0.02,0.02
31.03.2021 09:36:55.787 GMT+0100,3463.5490000000004,3457.656,0.02,0.02
31.03.2021 09:36:56.269 GMT+0100,3463.426,3458.492,0.0075,0.0075
31.03.2021 09:36:59.381 GMT+0100,3464.303,3459.697,0.02,0.02
31.03.2021 09:37:00.479 GMT+0100,3463.5490000000004,3459.533,0.02,0.02
31.03.2021 09:37:00.530 GMT+0100,3464.221,3458.7790000000005,0.02,0.02
31.03.2021 09:37:00.580 GMT+0100,3463.303,3458.697,0.02,0.02
31.03.2021 09:37:01.879 GMT+0100,3464.467,3458.5740000000005,0.02,0.02
31.03.2021 09:37:02.564 GMT+0100,3463.508,3457.738,0.02,0.02
31.03.2021 09:37:06.976 GMT+0100,3462.3440000000005,3457.451,0.02,0.02
31.03.2021 09:37:13.303 GMT+0100,3462.385,3458.533,0.02,0.02
31.03.2021 09:37:25.022 GMT+0100,3462.467,3457.738,0.02,0.02
31.03.2021 09:37:54.116 GMT+0100,3462.426,3458.533,0.02,0.0075
31.03.2021 09:37:54.166 GMT+0100,3464.3440000000005,3459.451,0.02,0.02
31.03.2021 09:38:18.764 GMT+0100,3465.303,3459.492,0.02,0.02
31.03.2021 09:38:18.871 GMT+0100,3464.467,3459.451,0.0075,0.02
31.03.2021 09:39:02.022 GMT+0100,3466,3462,0.02,0.02
31.03.2021 09:39:05.098 GMT+0100,3467.221,3463.82,0.02,0.02
31.03.2021 09:39:05.149 GMT+0100,3468.262,3463.451,0.02,0.02
31.03.2021 09:39:07.063 GMT+0100,3467.5490000000004,3463.82,0.02,0.02
31.03.2021 09:39:07.113 GMT+0100,3467.5490000000004,3461.656,0.02,0.02
31.03.2021 09:39:07.192 GMT+0100,3466.303,3461.533,0.02,0.02
31.03.2021 09:39:17.431 GMT+0100,3468.385,3463.6150000000002,0.02,0.02
31.03.2021 09:39:19.867 GMT+0100,3468.303,3462.5740000000005,0.02,0.02
31.03.2021 09:39:20.238 GMT+0100,3468.221,3464,0.02,0.0075
31.03.2021 09:39:20.339 GMT+0100,3468.5490000000004,3464.7790000000005,0.02,0.02
31.03.2021 09:39:22.887 GMT+0100,3468.262,3463.451,0.02,0.02
31.03.2021 09:39:42.810 GMT+0100,3467.467,3463.492,0.0075,0.0075
31.03.2021 09:39:42.861 GMT+0100,3466.467,3461.533,0.02,0.02
31.03.2021 09:39:43.350 GMT+0100,3466.1800000000003,3462.6150000000002,0.02,0.0075
31.03.2021 09:39:49.940 GMT+0100,3466.385,3461.6150000000002,0.02,0.02
31.03.2021 09:39:51.208 GMT+0100,3466.303,3462.492,0.02,0.0075
31.03.2021 09:39:51.725 GMT+0100,3466.3440000000005,3461.451,0.02,0.02
31.03.2021 09:39:52.212 GMT+0100,3466.467,3462.82,0.02,0.0075
31.03.2021 09:39:53.280 GMT+0100,3466.508,3461.656,0.02,0.02
31.03.2021 09:40:12.790 GMT+0100,3466.467,3462.492,0.02,0.0075
31.03.2021 09:40:12.841 GMT+0100,3466.426,3461.5740000000005,0.02,0.02
31.03.2021 09:40:14.815 GMT+0100,3465.508,3461.492,0.0075,0.02
31.03.2021 09:40:14.915 GMT+0100,3465.426,3460.492,0.02,0.02
31.03.2021 09:40:17.875 GMT+0100,3465.508,3459.738,0.02,0.02
31.03.2021 09:40:28.046 GMT+0100,3465.221,3460.82,0.0075,0.0075
31.03.2021 09:40:28.096 GMT+0100,3466.385,3460.738,0.02,0.02
31.03.2021 09:40:31.689 GMT+0100,3465.303,3460.451,0.0075,0.02
31.03.2021 09:40:31.739 GMT+0100,3465.426,3459.451,0.02,0.02
31.03.2021 09:40:31.789 GMT+0100,3465.467,3460.533,0.02,0.02
31.03.2021 09:40:31.840 GMT+0100,3465.221,3459.5740000000005,0.02,0.02
31.03.2021 09:40:31.890 GMT+0100,3464.467,3459.738,0.02,0.02
31.03.2021 09:40:32.134 GMT+0100,3465.303,3459.6150000000002,0.02,0.02
31.03.2021 09:40:59.213 GMT+0100,3466,3460.7790000000005,0.02,0.02
31.03.2021 09:41:02.509 GMT+0100,3465.5490000000004,3460.492,0.0075,0.02
31.03.2021 09:41:03.366 GMT+0100,3465.3440000000005,3459.451,0.02,0.02
31.03.2021 09:41:04.865 GMT+0100,3463.385,3459.451,0.0075,0.02
31.03.2021 09:41:05.031 GMT+0100,3464.3440000000005,3459.738,0.02,0.02
31.03.2021 09:41:12.849 GMT+0100,3465.1800000000003,3459.492,0.02,0.02
31.03.2021 09:41:18.275 GMT+0100,3465.303,3460.5740000000005,0.02,0.0075
31.03.2021 09:41:20.048 GMT+0100,3464.5490000000004,3459.492,0.02,0.02
31.03.2021 09:41:28.781 GMT+0100,3463.426,3459.656,0.0075,0.02
31.03.2021 09:41:28.831 GMT+0100,3464.5490000000004,3459.533,0.02,0.02
31.03.2021 09:41:31.977 GMT+0100,3465.385,3460,0.02,0.02
31.03.2021 09:41:32.027 GMT+0100,3466.303,3461,0.02,0.02
31.03.2021 09:41:34.198 GMT+0100,3466.467,3461.451,0.02,0.0075
31.03.2021 09:42:03.417 GMT+0100,3465.262,3461.492,0.0075,0.02
31.03.2021 09:42:03.568 GMT+0100,3464.467,3459.656,0.02,0.02
31.03.2021 09:42:40.933 GMT+0100,3462.1800000000003,3459.533,0.0075,0.0075
31.03.2021 09:42:40.984 GMT+0100,3462.5490000000004,3458.6150000000002,0.02,0.02
31.03.2021 09:42:41.084 GMT+0100,3463,3458.5740000000005,0.02,0.02
31.03.2021 09:42:42.323 GMT+0100,3464.3440000000005,3459,0.02,0.02
31.03.2021 09:42:53.018 GMT+0100,3464.508,3459.492,0.02,0.0075
31.03.2021 09:43:01.485 GMT+0100,3465.3440000000005,3460.738,0.02,0.02
31.03.2021 09:43:01.614 GMT+0100,3466,3460.656,0.02,0.02
31.03.2021 09:43:06.576 GMT+0100,3465.5490000000004,3460.82,0.0075,0.0075
31.03.2021 09:43:06.626 GMT+0100,3465,3459.82,0.02,0.02
31.03.2021 09:43:17.021 GMT+0100,3465.3440000000005,3460.7790000000005,0.02,0.02
31.03.2021 09:43:17.072 GMT+0100,3466.303,3460.82,0.02,0.02
31.03.2021 09:43:17.499 GMT+0100,3465,3460.738,0.0075,0.0075
31.03.2021 09:43:17.549 GMT+0100,3465.303,3459.5740000000005,0.02,0.02
31.03.2021 09:43:25.112 GMT+0100,3465.385,3460.738,0.0075,0.0075
31.03.2021 09:43:25.162 GMT+0100,3466.262,3460.6150000000002,0.02,0.02
31.03.2021 09:43:30.797 GMT+0100,3467.508,3461.533,0.02,0.02
31.03.2021 09:43:31.992 GMT+0100,3466.426,3461.697,0.02,0.02
31.03.2021 09:43:32.093 GMT+0100,3465,3461,0.02,0.02
31.03.2021 09:43:32.243 GMT+0100,3464.508,3460.82,0.02,0.02
31.03.2021 09:43:37.048 GMT+0100,3463.426,3460,0.02,0.02
31.03.2021 09:43:40.150 GMT+0100,3463.303,3458.7790000000005,0.02,0.02
31.03.2021 09:43:41.017 GMT+0100,3462.508,3458.738,0.0075,0.02
31.03.2021 09:43:41.067 GMT+0100,3463.262,3459,0.02,0.02
31.03.2021 09:43:42.256 GMT+0100,3464.262,3458.656,0.02,0.02
31.03.2021 09:43:46.087 GMT+0100,3464,3459.656,0.02,0.0075
31.03.2021 09:44:00.980 GMT+0100,3463.303,3460,0.0075,0.02
31.03.2021 09:44:07.480 GMT+0100,3463.5490000000004,3458.5740000000005,0.02,0.02
31.03.2021 09:44:11.130 GMT+0100,3465.385,3459.6150000000002,0.02,0.02
31.03.2021 09:44:11.180 GMT+0100,3464.1800000000003,3459.492,0.02,0.02
31.03.2021 09:44:12.454 GMT+0100,3464.221,3460.82,0.02,0.0075
31.03.2021 09:44:13.166 GMT+0100,3465,3460.697,0.02,0.02
31.03.2021 09:44:14.742 GMT+0100,3465.1800000000003,3461.656,0.0075,0.0075
31.03.2021 09:44:14.792 GMT+0100,3466,3461.533,0.02,0.02
31.03.2021 09:44:21.502 GMT+0100,3466.467,3460.6150000000002,0.02,0.02
31.03.2021 09:44:26.618 GMT+0100,3466.3440000000005,3461.697,0.02,0.0075
31.03.2021 09:44:46.356 GMT+0100,3465.426,3461.7790000000005,0.0075,0.0075
31.03.2021 09:44:46.406 GMT+0100,3465.385,3460.533,0.02,0.02
31.03.2021 09:44:46.457 GMT+0100,3464.262,3460.697,0.02,0.02
31.03.2021 09:45:21.227 GMT+0100,3463.3440000000005,3460.533,0.02,0.02
31.03.2021 09:45:28.919 GMT+0100,3465,3460.7790000000005,0.02,0.02
31.03.2021 09:46:03.359 GMT+0100,3465.5490000000004,3462,0.0075,0.0075
31.03.2021 09:46:03.409 GMT+0100,3466.3440000000005,3461.6150000000002,0.02,0.02
31.03.2021 09:46:20.015 GMT+0100,3465.221,3461.451,0.0075,0.02
31.03.2021 09:47:00.758 GMT+0100,3464.508,3461.451,0.02,0.02
31.03.2021 09:47:00.859 GMT+0100,3461,3457.7790000000005,0.02,0.02
31.03.2021 09:47:01.019 GMT+0100,3461.303,3456.82,0.02,0.02
31.03.2021 09:47:02.960 GMT+0100,3461.426,3457.492,0.02,0.0075
31.03.2021 09:47:34.147 GMT+0100,3462.262,3457.697,0.02,0.02
31.03.2021 09:49:23.520 GMT+0100,3463,3458.492,0.02,0.02
31.03.2021 09:49:23.621 GMT+0100,3464.221,3458.656,0.02,0.02
31.03.2021 09:49:32.600 GMT+0100,3464.3440000000005,3459.82,0.02,0.0075
31.03.2021 09:49:33.354 GMT+0100,3465.221,3459.738,0.02,0.02
31.03.2021 09:49:33.405 GMT+0100,3464.385,3460,0.02,0.02
31.03.2021 09:49:40.272 GMT+0100,3463.508,3459.7790000000005,0.0075,0.02
31.03.2021 09:49:59.967 GMT+0100,3463.1800000000003,3458.6150000000002,0.02,0.02
31.03.2021 09:50:11.484 GMT+0100,3463,3459.451,0.02,0.0075
31.03.2021 09:50:19.211 GMT+0100,3464.221,3459.656,0.02,0.02
31.03.2021 09:50:21.123 GMT+0100,3465.467,3460,0.02,0.02
31.03.2021 09:50:33.307 GMT+0100,3465.1800000000003,3460.5740000000005,0.02,0.0075
31.03.2021 09:50:51.492 GMT+0100,3465.467,3461.656,0.02,0.02
31.03.2021 09:50:52.293 GMT+0100,3465.508,3460.6150000000002,0.02,0.02
31.03.2021 09:50:52.674 GMT+0100,3464.3440000000005,3459.492,0.02,0.02
31.03.2021 09:50:53.217 GMT+0100,3464.3440000000005,3460.533,0.02,0.0075
31.03.2021 09:51:31.398 GMT+0100,3465,3460.738,0.02,0.02
31.03.2021 09:51:34.164 GMT+0100,3465.262,3461.7790000000005,0.02,0.02
31.03.2021 09:51:49.409 GMT+0100,3465.221,3462.82,0.02,0.0075
31.03.2021 09:51:51.014 GMT+0100,3466.385,3462.7790000000005,0.02,0.02
31.03.2021 09:51:51.375 GMT+0100,3467,3462.7790000000005,0.02,0.02
31.03.2021 09:51:51.425 GMT+0100,3466.508,3462.492,0.02,0.02
31.03.2021 09:51:52.236 GMT+0100,3466.1800000000003,3463.533,0.02,0.0075
31.03.2021 09:51:58.261 GMT+0100,3466.303,3464.492,0.02,0.0075
31.03.2021 09:52:04.568 GMT+0100,3468.385,3464.738,0.02,0.02
31.03.2021 09:52:05.487 GMT+0100,3468.426,3465.697,0.02,0.02
31.03.2021 09:52:05.538 GMT+0100,3468.303,3464.451,0.02,0.02
31.03.2021 09:52:06.298 GMT+0100,3468.508,3465.7790000000005,0.02,0.02
31.03.2021 09:52:22.423 GMT+0100,3470.385,3465.738,0.02,0.02
31.03.2021 09:52:22.477 GMT+0100,3469.3440000000005,3465.697,0.02,0.02
31.03.2021 09:52:22.628 GMT+0100,3470.385,3465.533,0.02,0.02
31.03.2021 09:52:27.966 GMT+0100,3470.385,3466.451,0.02,0.02
31.03.2021 09:52:28.017 GMT+0100,3471,3466.5740000000005,0.02,0.02
31.03.2021 09:52:31.560 GMT+0100,3471.262,3468,0.02,0.02
31.03.2021 09:52:31.637 GMT+0100,3471.303,3466.656,0.02,0.02
31.03.2021 09:53:02.481 GMT+0100,3471.1800000000003,3467.533,0.02,0.0075
31.03.2021 09:53:20.499 GMT+0100,3470.262,3468,0.0075,0.0075
31.03.2021 09:53:20.549 GMT+0100,3470.262,3465.697,0.02,0.02
31.03.2021 09:53:20.600 GMT+0100,3469.262,3465,0.02,0.02
31.03.2021 09:53:20.830 GMT+0100,3468,3463.7790000000005,0.02,0.02
31.03.2021 09:53:48.053 GMT+0100,3468.426,3464.492,0.0075,0.0075
31.03.2021 09:53:48.104 GMT+0100,3469.5490000000004,3464.492,0.02,0.02
31.03.2021 09:53:50.765 GMT+0100,3468.467,3464.5740000000005,0.0075,0.0075
31.03.2021 09:53:50.815 GMT+0100,3468,3463.82,0.02,0.02
31.03.2021 09:53:51.729 GMT+0100,3468.1800000000003,3464.697,0.0075,0.0075
31.03.2021 09:53:51.779 GMT+0100,3469.303,3464.533,0.02,0.02
31.03.2021 09:53:51.830 GMT+0100,3468.385,3464,0.02,0.02
31.03.2021 09:53:51.964 GMT+0100,3468,3464.492,0.0075,0.0075
31.03.2021 09:53:52.014 GMT+0100,3468.3440000000005,3463.82,0.02,0.02
31.03.2021 09:53:52.581 GMT+0100,3468.262,3464.697,0.0075,0.0075
31.03.2021 09:53:52.631 GMT+0100,3469.426,3464.5740000000005,0.02,0.02
31.03.2021 09:54:00.021 GMT+0100,3468.303,3464.6150000000002,0.0075,0.0075
31.03.2021 09:54:00.072 GMT+0100,3469.467,3464.6150000000002,0.02,0.02
31.03.2021 09:54:00.210 GMT+0100,3469.508,3463.5740000000005,0.02,0.02
31.03.2021 09:54:00.261 GMT+0100,3468.5490000000004,3463.82,0.02,0.02
31.03.2021 09:54:01.319 GMT+0100,3464.3440000000005,3460.5740000000005,0.02,0.02
31.03.2021 09:54:01.369 GMT+0100,3464.303,3459.7790000000005,0.02,0.02
31.03.2021 09:54:03.299 GMT+0100,3464.262,3460.6150000000002,0.02,0.0075
31.03.2021 09:54:03.399 GMT+0100,3464.262,3459.5740000000005,0.02,0.02
31.03.2021 09:54:05.491 GMT+0100,3464.1800000000003,3460.82,0.02,0.0075
31.03.2021 09:54:13.328 GMT+0100,3464.426,3459.656,0.02,0.02
31.03.2021 09:54:17.989 GMT+0100,3463.5490000000004,3460,0.02,0.02
31.03.2021 09:54:18.040 GMT+0100,3463.467,3458.82,0.02,0.02
31.03.2021 09:54:18.100 GMT+0100,3463.221,3459.7790000000005,0.02,0.0075
31.03.2021 09:54:18.200 GMT+0100,3464.3440000000005,3460,0.02,0.02
31.03.2021 09:54:39.242 GMT+0100,3463.3440000000005,3459.533,0.0075,0.0075
31.03.2021 09:54:39.292 GMT+0100,3463.385,3458.492,0.02,0.02
31.03.2021 09:54:39.758 GMT+0100,3464.3440000000005,3460,0.02,0.02
31.03.2021 09:54:46.624 GMT+0100,3464,3461.6150000000002,0.0075,0.0075
31.03.2021 09:54:46.675 GMT+0100,3466.262,3461.656,0.02,0.02
31.03.2021 09:54:56.412 GMT+0100,3465.1800000000003,3461.7790000000005,0.0075,0.0075
31.03.2021 09:54:56.463 GMT+0100,3465.303,3460.533,0.02,0.02
31.03.2021 09:55:17.250 GMT+0100,3464,3460.82,0.0075,0.02
31.03.2021 09:55:17.351 GMT+0100,3463.467,3458.7790000000005,0.02,0.02
31.03.2021 09:55:17.502 GMT+0100,3464.3440000000005,3458.656,0.02,0.02
31.03.2021 09:55:18.604 GMT+0100,3464.303,3459.656,0.02,0.0075
31.03.2021 09:55:36.852 GMT+0100,3465.5490000000004,3459.697,0.02,0.02
31.03.2021 09:55:39.253 GMT+0100,3464.385,3459.697,0.0075,0.02
31.03.2021 09:56:09.565 GMT+0100,3463.467,3459.451,0.0075,0.02
31.03.2021 09:56:31.861 GMT+0100,3464.1800000000003,3459.697,0.02,0.02
31.03.2021 09:56:32.749 GMT+0100,3465.385,3459.7790000000005,0.02,0.02
31.03.2021 09:56:54.197 GMT+0100,3465.3440000000005,3461,0.02,0.0075
31.03.2021 09:57:07.152 GMT+0100,3465.221,3459.492,0.02,0.02
31.03.2021 09:57:10.898 GMT+0100,3465.5490000000004,3460.492,0.02,0.0075
31.03.2021 09:57:37.082 GMT+0100,3465.5490000000004,3459.82,0.02,0.02
31.03.2021 09:57:37.176 GMT+0100,3464.467,3459.738,0.0075,0.02
31.03.2021 09:57:55.708 GMT+0100,3465.385,3460.5740000000005,0.02,0.02
31.03.2021 09:57:55.823 GMT+0100,3465.3440000000005,3459.451,0.02,0.02
31.03.2021 09:58:04.248 GMT+0100,3465,3460.492,0.02,0.0075
31.03.2021 09:58:06.690 GMT+0100,3465.303,3463.5740000000005,0.0075,0.0075
31.03.2021 09:58:06.741 GMT+0100,3468.5490000000004,3463.492,0.02,0.02
31.03.2021 09:58:23.231 GMT+0100,3467,3464,0.0075,0.02
31.03.2021 09:58:23.281 GMT+0100,3467,3462.451,0.02,0.02
31.03.2021 09:58:24.588 GMT+0100,3466.467,3462.656,0.0075,0.02
31.03.2021 09:58:24.638 GMT+0100,3466.508,3461.7790000000005,0.02,0.02
31.03.2021 09:58:27.285 GMT+0100,3465.3440000000005,3461.451,0.0075,0.0075
31.03.2021 09:58:27.335 GMT+0100,3465.221,3460.492,0.02,0.02
31.03.2021 09:58:28.364 GMT+0100,3464.1800000000003,3460.697,0.0075,0.0075
31.03.2021 09:58:28.415 GMT+0100,3464.303,3459.7790000000005,0.02,0.02
31.03.2021 09:58:31.508 GMT+0100,3464.5490000000004,3460.656,0.02,0.0075
31.03.2021 09:59:30.564 GMT+0100,3464.385,3461.6150000000002,0.0075,0.0075
31.03.2021 09:59:30.615 GMT+0100,3466.508,3461.6150000000002,0.02,0.02
31.03.2021 09:59:50.040 GMT+0100,3465.262,3461.451,0.0075,0.0075
31.03.2021 09:59:50.091 GMT+0100,3465.221,3460.656,0.02,0.02
31.03.2021 09:59:56.188 GMT+0100,3466.426,3462,0.02,0.02
31.03.2021 09:59:57.157 GMT+0100,3467.303,3462,0.02,0.02
31.03.2021 09:59:57.763 GMT+0100,3467.467,3462.533,0.02,0.0075
31.03.2021 10:00:00.296 GMT+0100,3466,3461.82,0.02,0.02
31.03.2021 10:00:00.902 GMT+0100,3465.262,3460.6150000000002,0.02,0.02
31.03.2021 10:00:01.772 GMT+0100,3464.426,3460.656,0.0075,0.0075
31.03.2021 10:00:01.823 GMT+0100,3464.262,3459.5740000000005,0.02,0.02
31.03.2021 10:00:56.446 GMT+0100,3464.467,3460.656,0.02,0.0075
31.03.2021 10:01:00.282 GMT+0100,3464.5490000000004,3459.738,0.02,0.02
31.03.2021 10:01:07.960 GMT+0100,3464.385,3460.697,0.02,0.0075
31.03.2021 10:01:08.492 GMT+0100,3465.385,3461.5740000000005,0.02,0.02
31.03.2021 10:01:13.120 GMT+0100,3465.262,3462.656,0.02,0.02
31.03.2021 10:01:13.231 GMT+0100,3467.426,3462.82,0.02,0.02
31.03.2021 10:01:13.281 GMT+0100,3468.221,3464,0.02,0.02
31.03.2021 10:01:13.389 GMT+0100,3467.426,3463.7790000000005,0.0075,0.0075
31.03.2021 10:01:13.439 GMT+0100,3467.5490000000004,3462.7790000000005,0.02,0.02
31.03.2021 10:01:16.684 GMT+0100,3468.221,3463.656,0.02,0.02
31.03.2021 10:01:19.177 GMT+0100,3469.508,3464.82,0.02,0.02
31.03.2021 10:01:19.479 GMT+0100,3469.5490000000004,3465.451,0.02,0.0075
31.03.2021 10:01:52.749 GMT+0100,3470.5490000000004,3465.533,0.02,0.02
31.03.2021 10:01:52.800 GMT+0100,3469.5490000000004,3465.492,0.02,0.02
31.03.2021 10:01:56.611 GMT+0100,3470.262,3465.5740000000005,0.02,0.02
31.03.2021 10:02:00.407 GMT+0100,3471.262,3466.7790000000005,0.02,0.02
31.03.2021 10:02:29.528 GMT+0100,3471.426,3467.5740000000005,0.02,0.0075
31.03.2021 10:02:29.578 GMT+0100,3472.5490000000004,3468,0.02,0.02
31.03.2021 10:02:32.465 GMT+0100,3472.467,3468.5740000000005,0.02,0.0075
31.03.2021 10:02:56.851 GMT+0100,3473,3468.738,0.02,0.02
31.03.2021 10:03:20.430 GMT+0100,3474.303,3468.5740000000005,0.02,0.02
31.03.2021 10:03:20.481 GMT+0100,3473.262,3468.6150000000002,0.02,0.02
31.03.2021 10:03:21.938 GMT+0100,3474.426,3468.738,0.02,0.02
31.03.2021 10:03:23.694 GMT+0100,3473.262,3468.656,0.02,0.02
31.03.2021 10:03:38.414 GMT+0100,3474,3468.7790000000005,0.02,0.02
31.03.2021 10:03:39.412 GMT+0100,3473.3440000000005,3468.82,0.0075,0.02
31.03.2021 10:04:07.382 GMT+0100,3473,3467.533,0.02,0.02
31.03.2021 10:04:29.017 GMT+0100,3472.508,3468,0.02,0.02
31.03.2021 10:04:38.306 GMT+0100,3472.303,3468.7790000000005,0.02,0.02
31.03.2021 10:05:25.120 GMT+0100,3471.426,3468.533,0.02,0.02
31.03.2021 10:05:31.627 GMT+0100,3470.426,3468.6150000000002,0.0075,0.0075
31.03.2021 10:05:31.678 GMT+0100,3470.385,3465.533,0.02,0.02
31.03.2021 10:05:47.245 GMT+0100,3470.262,3466.697,0.0075,0.0075
31.03.2021 10:05:47.295 GMT+0100,3471,3466.82,0.02,0.02
31.03.2021 10:05:47.345 GMT+0100,3470.303,3465.533,0.02,0.02
31.03.2021 10:05:47.469 GMT+0100,3471.508,3466.451,0.02,0.02
31.03.2021 10:05:55.505 GMT+0100,3470.426,3467,0.02,0.02
31.03.2021 10:05:55.635 GMT+0100,3471.303,3466.451,0.02,0.02
31.03.2021 10:06:08.536 GMT+0100,3470,3466.738,0.02,0.02
31.03.2021 10:06:08.948 GMT+0100,3470.426,3465.656,0.02,0.02
31.03.2021 10:06:10.435 GMT+0100,3470.221,3466.697,0.02,0.0075
31.03.2021 10:06:15.956 GMT+0100,3470.3440000000005,3467.533,0.0075,0.0075
31.03.2021 10:06:16.007 GMT+0100,3473.3440000000005,3468.5740000000005,0.02,0.02
31.03.2021 10:06:16.184 GMT+0100,3473.467,3469.697,0.0075,0.0075
31.03.2021 10:06:16.235 GMT+0100,3474.262,3469.451,0.02,0.02
31.03.2021 10:06:16.361 GMT+0100,3474.303,3470.656,0.02,0.02
31.03.2021 10:06:39.511 GMT+0100,3474,3471.451,0.02,0.02
31.03.2021 10:06:39.623 GMT+0100,3475.426,3471.7790000000005,0.02,0.02
31.03.2021 10:07:33.052 GMT+0100,3474,3471.451,0.02,0.02
31.03.2021 10:07:33.163 GMT+0100,3475,3471.451,0.02,0.02
31.03.2021 10:08:22.073 GMT+0100,3475.3440000000005,3472.492,0.0075,0.0075
31.03.2021 10:08:22.123 GMT+0100,3477.426,3472.6150000000002,0.02,0.02
31.03.2021 10:08:24.249 GMT+0100,3477.221,3473.6150000000002,0.02,0.02
31.03.2021 10:08:24.299 GMT+0100,3478.5490000000004,3473.7790000000005,0.02,0.02
31.03.2021 10:08:24.678 GMT+0100,3478.221,3474.697,0.02,0.0075
31.03.2021 10:08:29.082 GMT+0100,3479.508,3474.451,0.02,0.02
31.03.2021 10:08:31.625 GMT+0100,3479.221,3475.6150000000002,0.02,0.0075
31.03.2021 10:08:31.810 GMT+0100,3479.385,3474.5740000000005,0.02,0.02
31.03.2021 10:08:36.993 GMT+0100,3479.1800000000003,3475.451,0.02,0.0075
31.03.2021 10:09:35.478 GMT+0100,3478,3475.697,0.0075,0.0075
31.03.2021 10:09:35.579 GMT+0100,3477.467,3472.451,0.02,0.02
31.03.2021 10:09:36.489 GMT+0100,3476.385,3472.656,0.0075,0.0075
31.03.2021 10:09:36.540 GMT+0100,3476.508,3471.533,0.02,0.02
31.03.2021 10:09:36.690 GMT+0100,3477.508,3472.697,0.02,0.02
31.03.2021 10:09:37.572 GMT+0100,3477.3440000000005,3473.738,0.02,0.0075
31.03.2021 10:09:37.673 GMT+0100,3477.3440000000005,3472.5740000000005,0.02,0.02
31.03.2021 10:09:38.410 GMT+0100,3478.467,3472.738,0.02,0.02
31.03.2021 10:09:38.468 GMT+0100,3478.508,3473.6150000000002,0.02,0.0075
31.03.2021 10:09:42.425 GMT+0100,3477,3473.656,0.0075,0.02
31.03.2021 10:09:42.476 GMT+0100,3477.3440000000005,3472.6150000000002,0.02,0.02
31.03.2021 10:09:42.526 GMT+0100,3476,3472.533,0.02,0.02
31.03.2021 10:09:48.826 GMT+0100,3476.1800000000003,3471.5740000000005,0.02,0.02
31.03.2021 10:09:50.164 GMT+0100,3475.262,3471.451,0.0075,0.02
31.03.2021 10:09:50.265 GMT+0100,3476.426,3472,0.02,0.02
31.03.2021 10:10:11.659 GMT+0100,3476.262,3472.82,0.02,0.0075
31.03.2021 10:10:14.430 GMT+0100,3476.5490000000004,3471.492,0.02,0.02
31.03.2021 10:10:31.970 GMT+0100,3476.426,3472.5740000000005,0.02,0.02
31.03.2021 10:10:32.020 GMT+0100,3476.303,3471.738,0.02,0.02
31.03.2021 10:10:32.070 GMT+0100,3476.3440000000005,3472.451,0.02,0.02
31.03.2021 10:10:32.120 GMT+0100,3476.385,3471.7790000000005,0.02,0.02
31.03.2021 10:10:32.390 GMT+0100,3476.467,3472.6150000000002,0.02,0.02
31.03.2021 10:10:32.946 GMT+0100,3476.1800000000003,3471.533,0.02,0.02
31.03.2021 10:10:33.032 GMT+0100,3476.467,3472.738,0.02,0.0075
31.03.2021 10:10:35.640 GMT+0100,3476.3440000000005,3471.738,0.02,0.02
31.03.2021 10:10:45.193 GMT+0100,3475.3440000000005,3472,0.02,0.02
31.03.2021 10:10:45.243 GMT+0100,3475.5490000000004,3470.697,0.02,0.02
31.03.2021 10:10:51.391 GMT+0100,3474.1800000000003,3470.7790000000005,0.0075,0.02
31.03.2021 10:11:00.600 GMT+0100,3474.303,3471.7790000000005,0.0075,0.0075
31.03.2021 10:11:00.651 GMT+0100,3475.1800000000003,3471.492,0.02,0.02
31.03.2021 10:11:06.154 GMT+0100,3476.426,3471.656,0.02,0.02
31.03.2021 10:11:18.777 GMT+0100,3475.1800000000003,3471.492,0.0075,0.0075
31.03.2021 10:11:18.828 GMT+0100,3475.303,3470.82,0.02,0.02
31.03.2021 10:11:23.050 GMT+0100,3475.426,3471.738,0.0075,0.0075
31.03.2021 10:11:23.101 GMT+0100,3476.1800000000003,3471.7790000000005,0.02,0.02
31.03.2021 10:11:36.070 GMT+0100,3475.262,3471.492,0.0075,0.02
31.03.2021 10:11:36.475 GMT+0100,3475.426,3470.697,0.02,0.02
31.03.2021 10:12:08.296 GMT+0100,3475.467,3471.492,0.02,0.0075
31.03.2021 10:12:25.831 GMT+0100,3475.221,3470.6150000000002,0.02,0.02
31.03.2021 10:12:35.242 GMT+0100,3475.426,3471.7790000000005,0.02,0.02
31.03.2021 10:12:53.085 GMT+0100,3475.508,3470.656,0.02,0.02
31.03.2021 10:13:00.414 GMT+0100,3474.3440000000005,3470.82,0.02,0.02
31.03.2021 10:13:00.611 GMT+0100,3475.3440000000005,3470.6150000000002,0.02,0.02
31.03.2021 10:13:22.791 GMT+0100,3474.385,3470.533,0.02,0.02
31.03.2021 10:13:35.755 GMT+0100,3475.303,3470.533,0.02,0.02
31.03.2021 10:13:35.805 GMT+0100,3474.385,3470.451,0.02,0.02
31.03.2021 10:13:35.981 GMT+0100,3475.3440000000005,3470.82,0.02,0.02
31.03.2021 10:13:39.177 GMT+0100,3475.1800000000003,3472.697,0.02,0.0075
31.03.2021 10:13:39.277 GMT+0100,3475,3471.451,0.02,0.02
31.03.2021 10:13:39.750 GMT+0100,3475.3440000000005,3470.738,0.02,0.02
31.03.2021 10:13:40.445 GMT+0100,3475.262,3471.5740000000005,0.02,0.0075
31.03.2021 10:13:43.537 GMT+0100,3475.303,3470.6150000000002,0.02,0.02
31.03.2021 10:13:43.805 GMT+0100,3475.426,3471.697,0.02,0.0075
31.03.2021 10:14:13.537 GMT+0100,3476.1800000000003,3471.5740000000005,0.02,0.02
31.03.2021 10:14:13.603 GMT+0100,3476.303,3472.451,0.0075,0.0075
31.03.2021 10:14:13.654 GMT+0100,3476.303,3471.533,0.02,0.02
31.03.2021 10:14:23.771 GMT+0100,3475,3471.738,0.0075,0.02
31.03.2021 10:14:23.822 GMT+0100,3475.262,3471,0.02,0.02
31.03.2021 10:14:24.020 GMT+0100,3475.3440000000005,3471.738,0.02,0.02
31.03.2021 10:14:32.407 GMT+0100,3476.262,3471.451,0.02,0.02
31.03.2021 10:15:01.173 GMT+0100,3474.508,3471.738,0.0075,0.0075
31.03.2021 10:15:01.223 GMT+0100,3474.262,3470.738,0.02,0.02
31.03.2021 10:15:12.062 GMT+0100,3474.508,3469.656,0.02,0.02
31.03.2021 10:15:12.112 GMT+0100,3473.385,3468.697,0.02,0.02
31.03.2021 10:15:26.813 GMT+0100,3472.262,3468.7790000000005,0.0075,0.0075
31.03.2021 10:15:26.863 GMT+0100,3472.508,3467.492,0.02,0.02
31.03.2021 10:15:29.072 GMT+0100,3473.5490000000004,3468.451,0.02,0.02
31.03.2021 10:15:42.268 GMT+0100,3473.426,3470,0.02,0.0075
31.03.2021 10:15:42.318 GMT+0100,3474,3469.533,0.02,0.02
31.03.2021 10:15:43.329 GMT+0100,3473.262,3468.533,0.02,0.02
31.03.2021 10:15:44.429 GMT+0100,3473.221,3469.738,0.0075,0.0075
31.03.2021 10:15:44.479 GMT+0100,3474.3440000000005,3469.656,0.02,0.02
31.03.2021 10:16:01.688 GMT+0100,3475.303,3470.5740000000005,0.02,0.02
31.03.2021 10:16:02.271 GMT+0100,3474.385,3470.82,0.0075,0.0075
31.03.2021 10:16:02.322 GMT+0100,3474.303,3469.656,0.02,0.02
31.03.2021 10:16:05.868 GMT+0100,3473.1800000000003,3468.738,0.02,0.02
31.03.2021 10:16:05.977 GMT+0100,3473.221,3469.656,0.02,0.0075
31.03.2021 10:16:22.577 GMT+0100,3474.426,3469.451,0.02,0.02
31.03.2021 10:16:45.703 GMT+0100,3473.508,3469.492,0.0075,0.02
31.03.2021 10:17:07.678 GMT+0100,3473.3440000000005,3468.451,0.02,0.02
31.03.2021 10:17:15.779 GMT+0100,3472.262,3467.82,0.02,0.02
31.03.2021 10:17:16.081 GMT+0100,3472.385,3468.656,0.02,0.02
31.03.2021 10:17:17.036 GMT+0100,3473.467,3468.492,0.02,0.02
31.03.2021 10:17:27.365 GMT+0100,3473.3440000000005,3469.533,0.02,0.0075
31.03.2021 10:17:37.604 GMT+0100,3474.221,3469.82,0.02,0.02
31.03.2021 10:18:14.820 GMT+0100,3473.303,3469.451,0.0075,0.0075
31.03.2021 10:18:14.871 GMT+0100,3473.262,3468.697,0.02,0.02
31.03.2021 10:18:19.093 GMT+0100,3472.426,3467.697,0.02,0.02
31.03.2021 10:18:22.789 GMT+0100,3473.467,3468.492,0.02,0.02
31.03.2021 10:18:42.765 GMT+0100,3473.1800000000003,3469.697,0.02,0.02
31.03.2021 10:18:43.411 GMT+0100,3474.262,3469.451,0.02,0.02
31.03.2021 10:18:58.279 GMT+0100,3474.221,3470.656,0.02,0.0075
31.03.2021 10:18:58.329 GMT+0100,3475.5490000000004,3471,0.02,0.02
31.03.2021 10:18:58.573 GMT+0100,3475.3440000000005,3472.6150000000002,0.0075,0.0075
31.03.2021 10:18:58.623 GMT+0100,3476.262,3473,0.02,0.02
31.03.2021 10:18:58.788 GMT+0100,3476.3440000000005,3471.492,0.02,0.02
31.03.2021 10:18:59.299 GMT+0100,3476.303,3473.738,0.02,0.02
31.03.2021 10:18:59.443 GMT+0100,3476.426,3472.656,0.02,0.02
31.03.2021 10:19:01.040 GMT+0100,3476.467,3471.451,0.02,0.02
31.03.2021 10:19:20.498 GMT+0100,3476,3472.82,0.02,0.0075
31.03.2021 10:19:23.578 GMT+0100,3476.3440000000005,3471.7790000000005,0.02,0.02
31.03.2021 10:20:13.562 GMT+0100,3476.221,3472.6150000000002,0.02,0.0075
31.03.2021 10:20:28.461 GMT+0100,3476.5490000000004,3471.5740000000005,0.02,0.02
31.03.2021 10:20:28.927 GMT+0100,3475.426,3471.697,0.02,0.02
31.03.2021 10:20:49.045 GMT+0100,3475.303,3472.5740000000005,0.02,0.0075
31.03.2021 10:20:59.009 GMT+0100,3476.1800000000003,3472.533,0.02,0.02
31.03.2021 10:21:13.035 GMT+0100,3477.1800000000003,3472.533,0.02,0.02
31.03.2021 10:21:13.086 GMT+0100,3476.303,3472.6150000000002,0.02,0.02
31.03.2021 10:22:39.611 GMT+0100,3475.385,3473,0.02,0.02
31.03.2021 10:22:40.071 GMT+0100,3476.221,3472.6150000000002,0.02,0.02
31.03.2021 10:23:19.875 GMT+0100,3475.303,3473,0.02,0.02
31.03.2021 10:23:19.976 GMT+0100,3476.1800000000003,3472.82,0.02,0.02
31.03.2021 10:24:25.477 GMT+0100,3478.5490000000004,3473.7790000000005,0.02,0.02
31.03.2021 10:24:26.781 GMT+0100,3478.5490000000004,3474.697,0.02,0.02
31.03.2021 10:25:14.346 GMT+0100,3477.221,3474.533,0.0075,0.02
31.03.2021 10:25:42.623 GMT+0100,3478.303,3474.533,0.02,0.02
31.03.2021 10:25:44.211 GMT+0100,3477.221,3474.6150000000002,0.0075,0.02
31.03.2021 10:25:51.709 GMT+0100,3478.3440000000005,3474.7790000000005,0.02,0.02
31.03.2021 10:25:53.823 GMT+0100,3479.1800000000003,3474.533,0.02,0.02
31.03.2021 10:25:54.077 GMT+0100,3479.262,3475.533,0.02,0.02
31.03.2021 10:25:54.127 GMT+0100,3479.5490000000004,3474.82,0.02,0.02
31.03.2021 10:26:10.825 GMT+0100,3479.508,3475.6150000000002,0.02,0.0075
31.03.2021 10:26:15.911 GMT+0100,3479.221,3474.738,0.02,0.02
31.03.2021 10:26:17.823 GMT+0100,3480.221,3476.82,0.02,0.02
31.03.2021 10:26:17.874 GMT+0100,3480.385,3475.656,0.02,0.02
31.03.2021 10:26:28.932 GMT+0100,3479.426,3475.697,0.0075,0.02
31.03.2021 10:26:28.983 GMT+0100,3479,3474.656,0.02,0.02
31.03.2021 10:26:37.378 GMT+0100,3479.303,3475.5740000000005,0.0075,0.0075
31.03.2021 10:26:37.429 GMT+0100,3480.5490000000004,3475.738,0.02,0.02
31.03.2021 10:26:38.091 GMT+0100,3479.385,3476,0.0075,0.0075
31.03.2021 10:26:38.142 GMT+0100,3479.262,3474.451,0.02,0.02
31.03.2021 10:26:43.896 GMT+0100,3479.385,3475.5740000000005,0.02,0.0075
31.03.2021 10:26:45.606 GMT+0100,3480.221,3475.82,0.02,0.02
31.03.2021 10:26:49.637 GMT+0100,3479.3440000000005,3475.738,0.0075,0.02
31.03.2021 10:27:31.453 GMT+0100,3479.5490000000004,3474.738,0.02,0.02
31.03.2021 10:27:38.726 GMT+0100,3478.221,3474.492,0.0075,0.02
31.03.2021 10:27:38.777 GMT+0100,3478.221,3473.82,0.02,0.02
31.03.2021 10:27:44.012 GMT+0100,3478.303,3474.7790000000005,0.02,0.0075
31.03.2021 10:27:44.062 GMT+0100,3479.1800000000003,3474.82,0.02,0.02
31.03.2021 10:27:46.277 GMT+0100,3479.303,3475.82,0.02,0.0075
31.03.2021 10:27:46.639 GMT+0100,3479.5490000000004,3474.656,0.02,0.02
31.03.2021 10:27:59.269 GMT+0100,3478.1800000000003,3474.451,0.0075,0.02
31.03.2021 10:27:59.370 GMT+0100,3478.221,3473.6150000000002,0.02,0.02
31.03.2021 10:28:21.189 GMT+0100,3478.262,3474.5740000000005,0.0075,0.0075
31.03.2021 10:28:21.242 GMT+0100,3479.1800000000003,3474.5740000000005,0.02,0.02
31.03.2021 10:28:30.792 GMT+0100,3478.221,3474.82,0.0075,0.0075
31.03.2021 10:28:30.843 GMT+0100,3478.385,3473.656,0.02,0.02
31.03.2021 10:28:31.194 GMT+0100,3477.508,3473.492,0.0075,0.02
31.03.2021 10:28:31.295 GMT+0100,3478.3440000000005,3474,0.02,0.02
31.03.2021 10:28:48.100 GMT+0100,3478.303,3474.533,0.02,0.0075
31.03.2021 10:29:13.363 GMT+0100,3478.262,3475.6150000000002,0.0075,0.0075
31.03.2021 10:29:13.464 GMT+0100,3480,3475.6150000000002,0.02,0.02
31.03.2021 10:29:18.586 GMT+0100,3480.1800000000003,3477,0.02,0.02
31.03.2021 10:29:28.834 GMT+0100,3481.467,3476.82,0.02,0.02
31.03.2021 10:29:28.899 GMT+0100,3481,3477.697,0.02,0.0075
31.03.2021 10:29:56.960 GMT+0100,3481.508,3479.738,0.0075,0.0075
31.03.2021 10:29:57.011 GMT+0100,3482.426,3479.738,0.02,0.02
31.03.2021 10:29:57.616 GMT+0100,3482.3440000000005,3480.451,0.02,0.0075
31.03.2021 10:29:57.831 GMT+0100,3484.3440000000005,3480.5740000000005,0.02,0.02
31.03.2021 10:30:10.026 GMT+0100,3485.262,3480.451,0.02,0.02
31.03.2021 10:30:17.785 GMT+0100,3484.3440000000005,3480.7790000000005,0.0075,0.02
31.03.2021 10:30:17.835 GMT+0100,3485.262,3480.656,0.02,0.02
31.03.2021 10:30:18.072 GMT+0100,3484.508,3480.697,0.0075,0.02
31.03.2021 10:30:21.327 GMT+0100,3485.303,3480.5740000000005,0.02,0.02
31.03.2021 10:30:29.477 GMT+0100,3484.508,3480.5740000000005,0.0075,0.02
31.03.2021 10:30:57.576 GMT+0100,3484,3481.697,0.0075,0.0075
31.03.2021 10:30:57.627 GMT+0100,3485.385,3481.697,0.02,0.02
31.03.2021 10:31:13.972 GMT+0100,3485.5490000000004,3482.533,0.02,0.0075
31.03.2021 10:31:26.034 GMT+0100,3487.5490000000004,3482.82,0.02,0.02
31.03.2021 10:31:26.299 GMT+0100,3487.221,3484,0.02,0.02
31.03.2021 10:31:26.480 GMT+0100,3487.467,3483,0.02,0.02
31.03.2021 10:31:34.620 GMT+0100,3487.303,3483.656,0.02,0.0075
31.03.2021 10:31:46.811 GMT+0100,3485.385,3482.697,0.02,0.02
31.03.2021 10:31:46.898 GMT+0100,3486.508,3482.7790000000005,0.02,0.02
31.03.2021 10:31:47.615 GMT+0100,3487.426,3482.492,0.02,0.02
31.03.2021 10:31:52.663 GMT+0100,3486.385,3482.738,0.0075,0.02
31.03.2021 10:32:01.182 GMT+0100,3487.5490000000004,3482.451,0.02,0.02
31.03.2021 10:32:13.017 GMT+0100,3486.5490000000004,3483,0.0075,0.02
31.03.2021 10:32:39.071 GMT+0100,3485.1800000000003,3482.82,0.0075,0.0075
31.03.2021 10:32:39.121 GMT+0100,3482.303,3477.7790000000005,0.02,0.02
31.03.2021 10:32:39.197 GMT+0100,3482,3478.451,0.02,0.0075
31.03.2021 10:32:39.248 GMT+0100,3482.3440000000005,3478,0.02,0.02
31.03.2021 10:32:43.302 GMT+0100,3482.508,3478.492,0.0075,0.0075
31.03.2021 10:32:43.352 GMT+0100,3483.262,3479,0.02,0.02
31.03.2021 10:32:48.279 GMT+0100,3482.262,3478.82,0.02,0.02
31.03.2021 10:32:48.329 GMT+0100,3482.221,3477.82,0.02,0.02
31.03.2021 10:33:48.098 GMT+0100,3482.221,3478.6150000000002,0.02,0.0075
31.03.2021 10:36:04.830 GMT+0100,3481.303,3476.533,0.01,0.01
31.03.2021 10:36:04.880 GMT+0100,3479.3440000000005,3476,0.02,0.02
31.03.2021 10:36:04.931 GMT+0100,3480.303,3475.492,0.02,0.02
31.03.2021 10:36:04.981 GMT+0100,3480.5490000000004,3476.656,0.02,0.02
31.03.2021 10:36:07.241 GMT+0100,3480.467,3477.7790000000005,0.0075,0.0075
