Local time,Ask,Bid,AskVolume,BidVolume
24.03.2021 08:00:22.021 GMT-0000,3210.3440000000005,3194.82,0.02,0.02
24.03.2021 08:00:22.217 GMT-0000,3206.221,3194.82,0.0075,0.02
24.03.2021 08:00:23.608 GMT-0000,3206.5490000000004,3193,0.02,0.02
24.03.2021 08:00:25.521 GMT-0000,3206.385,3194.533,0.02,0.02
24.03.2021 08:00:26.020 GMT-0000,3204.426,3194.533,0.0075,0.0075
24.03.2021 08:00:26.071 GMT-0000,3204.3440000000005,3190.5740000000005,0.02,0.02
24.03.2021 08:00:27.492 GMT-0000,3202.262,3190.697,0.0075,0.0075
24.03.2021 08:00:27.542 GMT-0000,3202.3440000000005,3189.656,0.02,0.02
24.03.2021 08:00:27.592 GMT-0000,3200.221,3189.697,0.02,0.02
24.03.2021 08:00:29.160 GMT-0000,3200.303,3184.533,0.02,0.02
24.03.2021 08:00:29.623 GMT-0000,3199.1800000000003,3184.492,0.0075,0.02
24.03.2021 08:00:30.118 GMT-0000,3200.262,3184.492,0.02,0.02
24.03.2021 08:00:30.470 GMT-0000,3198.5490000000004,3182.451,0.02,0.02
24.03.2021 08:00:32.471 GMT-0000,3198.467,3180.533,0.02,0.02
24.03.2021 08:00:33.425 GMT-0000,3196.5490000000004,3180.7790000000005,0.0075,0.02
24.03.2021 08:00:33.581 GMT-0000,3195.5490000000004,3180.6150000000002,0.0075,0.0075
24.03.2021 08:00:33.631 GMT-0000,3195.221,3178.533,0.02,0.02
24.03.2021 08:00:34.034 GMT-0000,3195.5490000000004,3176.451,0.02,0.02
24.03.2021 08:00:34.430 GMT-0000,3192.5490000000004,3176.6150000000002,0.0075,0.02
24.03.2021 08:00:35.475 GMT-0000,3192.467,3174,0.02,0.02
24.03.2021 08:00:36.647 GMT-0000,3189,3173.492,0.0075,0.0075
24.03.2021 08:00:36.697 GMT-0000,3189.5490000000004,3170.5740000000005,0.02,0.02
24.03.2021 08:00:37.457 GMT-0000,3185.3440000000005,3167.533,0.02,0.02
24.03.2021 08:00:38.067 GMT-0000,3185.385,3165,0.02,0.02
24.03.2021 08:00:38.684 GMT-0000,3184.426,3164.82,0.0075,0.02
24.03.2021 08:00:41.079 GMT-0000,3184.385,3161.6150000000002,0.02,0.02
24.03.2021 08:00:42.013 GMT-0000,3184.426,3162.656,0.02,0.0075
24.03.2021 08:00:49.033 GMT-0000,3184.221,3165.6150000000002,0.0075,0.0075
24.03.2021 08:00:49.083 GMT-0000,3185.3440000000005,3165.492,0.02,0.02
24.03.2021 08:00:49.228 GMT-0000,3185.221,3166.492,0.02,0.0075
24.03.2021 08:00:55.907 GMT-0000,3199.25,3175,0.0075,0.0075
24.03.2021 08:00:56.071 GMT-0000,3198.508,3177.6150000000002,0.02,0.02
24.03.2021 08:00:56.217 GMT-0000,3198.426,3185.738,0.02,0.02
24.03.2021 08:00:59.359 GMT-0000,3198.385,3173.451,0.02,0.02
24.03.2021 08:01:00.149 GMT-0000,3204.426,3173.82,0.02,0.02
24.03.2021 08:01:03.029 GMT-0000,3199.426,3170,0.0075,0.02
24.03.2021 08:01:03.937 GMT-0000,3199.467,3174.6150000000002,0.02,0.0075
24.03.2021 08:01:05.052 GMT-0000,3198.303,3174.492,0.0075,0.02
24.03.2021 08:01:15.358 GMT-0000,3198.221,3177.738,0.02,0.0075
24.03.2021 08:01:15.468 GMT-0000,3197.3440000000005,3177.82,0.0075,0.02
24.03.2021 08:01:17.479 GMT-0000,3197,3174.6150000000002,0.02,0.02
24.03.2021 08:01:19.392 GMT-0000,3197.467,3174,0.02,0.02
24.03.2021 08:01:21.129 GMT-0000,3197.262,3174.656,0.02,0.02
24.03.2021 08:01:22.016 GMT-0000,3193.385,3174.533,0.0075,0.02
24.03.2021 08:01:33.462 GMT-0000,3193.5490000000004,3176.7790000000005,0.02,0.0075
24.03.2021 08:01:35.842 GMT-0000,3193.3440000000005,3178.7790000000005,0.0075,0.0075
24.03.2021 08:01:36.612 GMT-0000,3193.426,3179.656,0.02,0.02
24.03.2021 08:01:37.030 GMT-0000,3191.3440000000005,3179.492,0.02,0.02
24.03.2021 08:01:39.275 GMT-0000,3192.3440000000005,3179.492,0.02,0.02
24.03.2021 08:01:49.638 GMT-0000,3192.221,3178.697,0.02,0.02
24.03.2021 08:01:53.861 GMT-0000,3192.262,3180.82,0.02,0.0075
24.03.2021 08:01:58.079 GMT-0000,3192.385,3183,0.0075,0.0075
24.03.2021 08:01:58.129 GMT-0000,3204.385,3183.656,0.02,0.02
24.03.2021 08:01:58.180 GMT-0000,3206.385,3183.492,0.02,0.02
24.03.2021 08:01:58.734 GMT-0000,3204.262,3183.533,0.02,0.02
24.03.2021 08:02:03.238 GMT-0000,3203.303,3183.656,0.0075,0.02
24.03.2021 08:02:05.101 GMT-0000,3203.1800000000003,3183,0.02,0.02
24.03.2021 08:02:05.151 GMT-0000,3195,3182.451,0.02,0.02
24.03.2021 08:02:30.046 GMT-0000,3195.3440000000005,3187.697,0.02,0.02
24.03.2021 08:02:30.096 GMT-0000,3207.1800000000003,3186.7790000000005,0.02,0.02
24.03.2021 08:02:30.147 GMT-0000,3210.1800000000003,3189.656,0.02,0.02
24.03.2021 08:02:30.955 GMT-0000,3210.508,3187.656,0.02,0.02
24.03.2021 08:02:31.638 GMT-0000,3210.385,3189.738,0.02,0.0075
24.03.2021 08:02:37.013 GMT-0000,3204.5490000000004,3189.5740000000005,0.0075,0.02
24.03.2021 08:02:41.462 GMT-0000,3204.262,3191.7790000000005,0.02,0.0075
24.03.2021 08:02:42.012 GMT-0000,3202.3440000000005,3191.738,0.0075,0.0075
24.03.2021 08:02:42.063 GMT-0000,3202.508,3186.7790000000005,0.02,0.02
24.03.2021 08:02:42.736 GMT-0000,3202.3440000000005,3185.7790000000005,0.02,0.02
24.03.2021 08:02:43.078 GMT-0000,3202.3440000000005,3186.656,0.02,0.02
24.03.2021 08:02:47.067 GMT-0000,3207.221,3186.697,0.02,0.02
24.03.2021 08:02:53.177 GMT-0000,3207.303,3190.738,0.02,0.0075
24.03.2021 08:02:57.906 GMT-0000,3206.5490000000004,3190.5740000000005,0.0075,0.02
24.03.2021 08:02:58.032 GMT-0000,3204,3190.738,0.02,0.02
24.03.2021 08:03:06.117 GMT-0000,3200.508,3190.451,0.0075,0.0075
24.03.2021 08:03:06.168 GMT-0000,3198,3176.82,0.02,0.02
24.03.2021 08:03:06.365 GMT-0000,3192.3440000000005,3176.7790000000005,0.0075,0.0075
24.03.2021 08:03:06.415 GMT-0000,3192.1800000000003,3174.738,0.02,0.02
24.03.2021 08:03:07.152 GMT-0000,3189,3170.5740000000005,0.0075,0.02
24.03.2021 08:03:07.661 GMT-0000,3186.385,3170.451,0.0075,0.02
24.03.2021 08:03:15.154 GMT-0000,3201.3440000000005,3179.451,0.02,0.02
24.03.2021 08:03:15.204 GMT-0000,3197,3179.7790000000005,0.02,0.02
24.03.2021 08:03:15.428 GMT-0000,3197.262,3178.5740000000005,0.02,0.02
24.03.2021 08:03:15.516 GMT-0000,3197.385,3179.82,0.02,0.0075
24.03.2021 08:03:21.384 GMT-0000,3198.262,3179.6150000000002,0.02,0.02
24.03.2021 08:03:22.045 GMT-0000,3195.5490000000004,3179.533,0.0075,0.0075
24.03.2021 08:03:22.225 GMT-0000,3192,3177.5740000000005,0.0075,0.0075
24.03.2021 08:03:22.275 GMT-0000,3195.426,3176.7790000000005,0.02,0.02
24.03.2021 08:03:22.375 GMT-0000,3192,3174.6150000000002,0.02,0.02
24.03.2021 08:03:22.497 GMT-0000,3195.303,3174.5740000000005,0.02,0.02
24.03.2021 08:03:27.020 GMT-0000,3192.426,3174.451,0.0075,0.0075
24.03.2021 08:03:27.070 GMT-0000,3192.385,3173.6150000000002,0.02,0.02
24.03.2021 08:03:29.514 GMT-0000,3192.221,3172.451,0.02,0.02
24.03.2021 08:03:33.121 GMT-0000,3192.385,3176.5740000000005,0.02,0.0075
24.03.2021 08:03:40.617 GMT-0000,3190.426,3177.5740000000005,0.0075,0.0075
24.03.2021 08:03:40.667 GMT-0000,3190,3176.5740000000005,0.02,0.02
24.03.2021 08:03:45.654 GMT-0000,3190.508,3185.697,0.0075,0.0075
24.03.2021 08:03:45.705 GMT-0000,3201.262,3185.82,0.02,0.02
24.03.2021 08:03:46.135 GMT-0000,3201.1800000000003,3187.656,0.02,0.0075
24.03.2021 08:03:46.607 GMT-0000,3201.3440000000005,3184.451,0.02,0.02
24.03.2021 08:03:46.714 GMT-0000,3201,3185.492,0.02,0.02
24.03.2021 08:03:50.692 GMT-0000,3201.303,3184.656,0.02,0.02
24.03.2021 08:03:51.157 GMT-0000,3201.262,3187.656,0.02,0.0075
24.03.2021 08:04:00.969 GMT-0000,3195.221,3187.82,0.0075,0.02
24.03.2021 08:04:05.254 GMT-0000,3199.262,3187.697,0.02,0.02
24.03.2021 08:04:44.225 GMT-0000,3199.508,3194.492,0.0075,0.0075
24.03.2021 08:04:44.275 GMT-0000,3207.221,3195,0.02,0.02
24.03.2021 08:04:47.018 GMT-0000,3203.385,3194.738,0.0075,0.02
24.03.2021 08:04:48.372 GMT-0000,3207.262,3194.697,0.02,0.02
24.03.2021 08:04:58.899 GMT-0000,3207.508,3195.6150000000002,0.0075,0.0075
24.03.2021 08:04:58.949 GMT-0000,3209.508,3195.82,0.02,0.02
24.03.2021 08:05:00.022 GMT-0000,3207.385,3194.533,0.0075,0.02
24.03.2021 08:05:07.020 GMT-0000,3204.426,3194.533,0.0075,0.02
24.03.2021 08:05:12.014 GMT-0000,3201.426,3194.697,0.0075,0.02
24.03.2021 08:05:20.734 GMT-0000,3199.262,3185.697,0.02,0.02
24.03.2021 08:05:20.829 GMT-0000,3198.426,3185.533,0.0075,0.02
24.03.2021 08:05:20.995 GMT-0000,3199.303,3185.533,0.02,0.02
24.03.2021 08:05:21.143 GMT-0000,3201.508,3185.7790000000005,0.02,0.02
24.03.2021 08:05:21.697 GMT-0000,3199.3440000000005,3185.82,0.0075,0.02
24.03.2021 08:05:22.885 GMT-0000,3198,3185.533,0.0075,0.02
24.03.2021 08:05:24.370 GMT-0000,3197,3186,0.0075,0.0075
24.03.2021 08:05:24.420 GMT-0000,3197.221,3183.533,0.02,0.02
24.03.2021 08:05:24.521 GMT-0000,3196.426,3183.656,0.02,0.02
24.03.2021 08:05:27.465 GMT-0000,3194.1800000000003,3183.492,0.0075,0.0075
24.03.2021 08:05:27.516 GMT-0000,3194.508,3181.533,0.02,0.02
24.03.2021 08:05:29.467 GMT-0000,3192.1800000000003,3180.533,0.02,0.02
24.03.2021 08:05:35.714 GMT-0000,3192.3440000000005,3182.7790000000005,0.0075,0.0075
24.03.2021 08:05:35.767 GMT-0000,3195.3440000000005,3182.697,0.02,0.02
24.03.2021 08:05:39.513 GMT-0000,3197.5490000000004,3183.6150000000002,0.02,0.02
24.03.2021 08:05:39.911 GMT-0000,3197.221,3182.656,0.02,0.02
24.03.2021 08:05:40.246 GMT-0000,3197.221,3183.697,0.02,0.0075
24.03.2021 08:05:41.607 GMT-0000,3197.1800000000003,3182.738,0.02,0.02
24.03.2021 08:05:42.284 GMT-0000,3197.385,3185.533,0.02,0.02
24.03.2021 08:06:04.054 GMT-0000,3197.385,3187.533,0.0075,0.0075
24.03.2021 08:06:04.105 GMT-0000,3199.303,3187.738,0.02,0.02
24.03.2021 08:06:21.432 GMT-0000,3199.385,3188.492,0.02,0.0075
24.03.2021 08:06:24.106 GMT-0000,3201.467,3189.5740000000005,0.02,0.02
24.03.2021 08:06:26.456 GMT-0000,3201.303,3190.6150000000002,0.02,0.0075
24.03.2021 08:06:35.617 GMT-0000,3199.467,3190.492,0.02,0.02
24.03.2021 08:06:43.315 GMT-0000,3197.303,3191.738,0.02,0.02
24.03.2021 08:06:43.552 GMT-0000,3197.426,3192.451,0.02,0.02
24.03.2021 08:06:44.515 GMT-0000,3197.75,3196.82,0.0075,0.0075
24.03.2021 08:06:44.565 GMT-0000,3197,3190.7790000000005,0.02,0.02
24.03.2021 08:06:45.312 GMT-0000,3197.3440000000005,3192.7790000000005,0.02,0.0075
24.03.2021 08:06:49.807 GMT-0000,3198.3440000000005,3192.697,0.02,0.02
24.03.2021 08:06:59.292 GMT-0000,3199.3440000000005,3186.697,0.02,0.02
24.03.2021 08:06:59.342 GMT-0000,3196.385,3186.6150000000002,0.02,0.02
24.03.2021 08:06:59.734 GMT-0000,3199.467,3186.451,0.02,0.02
24.03.2021 08:07:00.201 GMT-0000,3199.3440000000005,3189.7790000000005,0.02,0.02
24.03.2021 08:07:04.466 GMT-0000,3201.262,3194.533,0.02,0.02
24.03.2021 08:07:04.516 GMT-0000,3196.467,3186.492,0.02,0.02
24.03.2021 08:07:05.198 GMT-0000,3196.467,3193.6150000000002,0.0075,0.0075
24.03.2021 08:07:05.248 GMT-0000,3201.467,3193.697,0.02,0.02
24.03.2021 08:07:07.023 GMT-0000,3198.1800000000003,3193.7790000000005,0.0075,0.02
24.03.2021 08:07:13.592 GMT-0000,3198.3440000000005,3194.697,0.02,0.02
24.03.2021 08:07:14.626 GMT-0000,3204.426,3192.451,0.02,0.02
24.03.2021 08:07:14.710 GMT-0000,3203.467,3190.451,0.02,0.02
24.03.2021 08:07:15.097 GMT-0000,3201.508,3190.738,0.0075,0.02
24.03.2021 08:07:15.270 GMT-0000,3199,3191,0.0075,0.0075
24.03.2021 08:07:15.320 GMT-0000,3199.303,3188.738,0.02,0.02
24.03.2021 08:07:15.413 GMT-0000,3199.3440000000005,3189.6150000000002,0.02,0.0075
24.03.2021 08:07:15.924 GMT-0000,3197.262,3189.697,0.0075,0.02
24.03.2021 08:07:22.092 GMT-0000,3199.221,3189.451,0.02,0.02
24.03.2021 08:07:29.383 GMT-0000,3197.426,3188.533,0.02,0.02
24.03.2021 08:07:29.433 GMT-0000,3193.3440000000005,3182.492,0.02,0.02
24.03.2021 08:07:29.483 GMT-0000,3193.1800000000003,3184.533,0.02,0.02
24.03.2021 08:07:30.230 GMT-0000,3193.426,3185.697,0.0075,0.0075
24.03.2021 08:07:30.280 GMT-0000,3195.467,3185.738,0.02,0.02
24.03.2021 08:07:30.416 GMT-0000,3193.1800000000003,3185.5740000000005,0.0075,0.0075
24.03.2021 08:07:30.467 GMT-0000,3193.3440000000005,3184.697,0.02,0.02
24.03.2021 08:07:31.213 GMT-0000,3193.467,3185.533,0.0075,0.0075
24.03.2021 08:07:31.263 GMT-0000,3195.221,3186,0.02,0.02
24.03.2021 08:07:31.648 GMT-0000,3190.262,3185.7790000000005,0.02,0.02
24.03.2021 08:07:32.839 GMT-0000,3195.221,3185.533,0.02,0.02
24.03.2021 08:07:35.274 GMT-0000,3197.385,3187.738,0.02,0.02
24.03.2021 08:07:35.819 GMT-0000,3197.385,3190.492,0.02,0.0075
24.03.2021 08:07:35.977 GMT-0000,3199.508,3190.697,0.02,0.02
24.03.2021 08:07:36.526 GMT-0000,3199.262,3190,0.02,0.02
24.03.2021 08:07:37.080 GMT-0000,3199.467,3190.738,0.02,0.0075
24.03.2021 08:07:37.130 GMT-0000,3199.426,3189.5740000000005,0.02,0.02
24.03.2021 08:07:48.413 GMT-0000,3199,3191.738,0.02,0.0075
24.03.2021 08:07:51.213 GMT-0000,3197.1800000000003,3191.82,0.0075,0.02
24.03.2021 08:07:51.263 GMT-0000,3199.221,3192.656,0.02,0.02
24.03.2021 08:07:51.364 GMT-0000,3201.467,3192.5740000000005,0.02,0.02
24.03.2021 08:07:51.628 GMT-0000,3199.262,3192.5740000000005,0.0075,0.02
24.03.2021 08:07:55.308 GMT-0000,3205.262,3194.451,0.02,0.02
24.03.2021 08:07:56.121 GMT-0000,3203.426,3194.697,0.02,0.02
24.03.2021 08:07:57.030 GMT-0000,3200.467,3194.7790000000005,0.0075,0.02
24.03.2021 08:08:02.021 GMT-0000,3199.426,3195,0.02,0.02
24.03.2021 08:08:04.565 GMT-0000,3197.3440000000005,3188.533,0.02,0.02
24.03.2021 08:08:04.709 GMT-0000,3197,3186.656,0.02,0.02
24.03.2021 08:08:05.229 GMT-0000,3197.385,3189.6150000000002,0.02,0.02
24.03.2021 08:08:26.993 GMT-0000,3197.385,3190.533,0.02,0.02
24.03.2021 08:08:27.104 GMT-0000,3198.385,3195.82,0.02,0.02
24.03.2021 08:08:27.214 GMT-0000,3200,3195.6150000000002,0.02,0.02
24.03.2021 08:08:27.439 GMT-0000,3203.508,3195.697,0.02,0.02
24.03.2021 08:08:27.539 GMT-0000,3201.1800000000003,3190.533,0.02,0.02
24.03.2021 08:08:27.642 GMT-0000,3199.1800000000003,3188.82,0.02,0.02
24.03.2021 08:08:27.864 GMT-0000,3199.467,3190.492,0.0075,0.0075
24.03.2021 08:08:27.915 GMT-0000,3201.221,3190.7790000000005,0.02,0.02
24.03.2021 08:08:30.233 GMT-0000,3200.5490000000004,3190.5740000000005,0.0075,0.02
24.03.2021 08:08:36.901 GMT-0000,3199.467,3190.5740000000005,0.0075,0.0075
24.03.2021 08:08:36.951 GMT-0000,3199.426,3189,0.02,0.02
24.03.2021 08:08:39.353 GMT-0000,3199.5490000000004,3189.82,0.02,0.0075
24.03.2021 08:08:39.833 GMT-0000,3196.1800000000003,3190,0.0075,0.02
24.03.2021 08:08:52.895 GMT-0000,3195.221,3190,0.0075,0.02
24.03.2021 08:09:12.164 GMT-0000,3194.385,3189.82,0.0075,0.02
24.03.2021 08:09:15.321 GMT-0000,3193.5490000000004,3190,0.02,0.02
24.03.2021 08:09:16.859 GMT-0000,3192.3440000000005,3184.492,0.02,0.02
24.03.2021 08:09:26.075 GMT-0000,3192.3440000000005,3183.533,0.02,0.02
24.03.2021 08:09:27.102 GMT-0000,3192.467,3185,0.02,0.0075
24.03.2021 08:09:37.891 GMT-0000,3192,3185.492,0.02,0.0075
24.03.2021 08:09:37.998 GMT-0000,3193.262,3185.492,0.02,0.02
24.03.2021 08:09:43.871 GMT-0000,3192.221,3185.492,0.02,0.02
24.03.2021 08:09:50.744 GMT-0000,3192.385,3186.738,0.02,0.0075
24.03.2021 08:09:57.339 GMT-0000,3192.5490000000004,3185.738,0.02,0.02
24.03.2021 08:10:00.051 GMT-0000,3192.5490000000004,3187.697,0.02,0.02
24.03.2021 08:10:00.101 GMT-0000,3193.426,3187.5740000000005,0.02,0.02
24.03.2021 08:10:00.161 GMT-0000,3198.5490000000004,3189.492,0.02,0.02
24.03.2021 08:10:00.211 GMT-0000,3197.426,3189.82,0.02,0.02
24.03.2021 08:10:04.353 GMT-0000,3197.262,3190.492,0.02,0.0075
24.03.2021 08:10:10.226 GMT-0000,3198.3440000000005,3190.6150000000002,0.02,0.02
24.03.2021 08:10:15.258 GMT-0000,3197.426,3190.82,0.02,0.02
24.03.2021 08:10:26.567 GMT-0000,3197.508,3192.656,0.0075,0.0075
24.03.2021 08:10:26.617 GMT-0000,3199.508,3192.656,0.02,0.02
24.03.2021 08:10:27.518 GMT-0000,3200,3196,0.02,0.02
24.03.2021 08:10:27.663 GMT-0000,3201.1800000000003,3199.492,0.02,0.02
24.03.2021 08:10:28.536 GMT-0000,3205,3199.5740000000005,0.02,0.02
24.03.2021 08:10:29.499 GMT-0000,3204.5490000000004,3199.656,0.0075,0.02
24.03.2021 08:10:29.683 GMT-0000,3205,3199.697,0.02,0.02
24.03.2021 08:10:32.229 GMT-0000,3205.508,3196.82,0.02,0.02
24.03.2021 08:10:32.490 GMT-0000,3205.3440000000005,3199.697,0.02,0.0075
24.03.2021 08:10:35.902 GMT-0000,3204.5490000000004,3199.697,0.02,0.02
24.03.2021 08:10:39.743 GMT-0000,3205.262,3199.6150000000002,0.02,0.02
24.03.2021 08:10:41.925 GMT-0000,3204.426,3199.738,0.02,0.02
24.03.2021 08:11:07.038 GMT-0000,3203.5490000000004,3199.656,0.0075,0.02
24.03.2021 08:11:15.178 GMT-0000,3202.303,3199.7790000000005,0.02,0.02
24.03.2021 08:11:16.299 GMT-0000,3206.221,3199.7790000000005,0.02,0.02
24.03.2021 08:11:17.169 GMT-0000,3205.426,3199.533,0.0075,0.02
24.03.2021 08:11:22.033 GMT-0000,3204.385,3200,0.0075,0.02
24.03.2021 08:11:53.403 GMT-0000,3204,3200.5740000000005,0.0075,0.0075
24.03.2021 08:11:53.454 GMT-0000,3206.221,3199.656,0.02,0.02
24.03.2021 08:11:54.229 GMT-0000,3206.221,3201.7790000000005,0.02,0.02
24.03.2021 08:11:54.364 GMT-0000,3206.5490000000004,3199.6150000000002,0.02,0.02
24.03.2021 08:11:55.745 GMT-0000,3206.385,3201.697,0.02,0.02
24.03.2021 08:11:55.875 GMT-0000,3206.262,3199.492,0.02,0.02
24.03.2021 08:12:11.106 GMT-0000,3205.221,3200.697,0.0075,0.0075
24.03.2021 08:12:11.156 GMT-0000,3205.303,3199.451,0.02,0.02
24.03.2021 08:12:14.853 GMT-0000,3209.385,3199.82,0.02,0.02
24.03.2021 08:12:16.064 GMT-0000,3209.221,3202.451,0.02,0.02
24.03.2021 08:12:17.084 GMT-0000,3213.262,3203.7790000000005,0.02,0.02
24.03.2021 08:12:17.421 GMT-0000,3212.508,3203.6150000000002,0.0075,0.02
24.03.2021 08:12:18.579 GMT-0000,3211.467,3203.738,0.0075,0.0075
24.03.2021 08:12:18.629 GMT-0000,3211.5490000000004,3202.7790000000005,0.02,0.02
24.03.2021 08:12:27.228 GMT-0000,3211.467,3204.533,0.02,0.0075
24.03.2021 08:12:29.636 GMT-0000,3212,3204.6150000000002,0.02,0.02
24.03.2021 08:12:32.233 GMT-0000,3215.3440000000005,3207.5740000000005,0.02,0.02
24.03.2021 08:12:32.385 GMT-0000,3215.508,3203.533,0.02,0.02
24.03.2021 08:12:33.889 GMT-0000,3215,3208.656,0.0075,0.0075
24.03.2021 08:12:33.940 GMT-0000,3219,3208.5740000000005,0.02,0.02
24.03.2021 08:12:34.067 GMT-0000,3219.221,3207.5740000000005,0.02,0.02
24.03.2021 08:12:37.245 GMT-0000,3216.1800000000003,3207.697,0.0075,0.0075
24.03.2021 08:12:37.296 GMT-0000,3216.467,3205.533,0.02,0.02
24.03.2021 08:12:46.025 GMT-0000,3216.426,3211.451,0.0075,0.0075
24.03.2021 08:12:46.075 GMT-0000,3221.426,3211.656,0.02,0.02
24.03.2021 08:12:46.126 GMT-0000,3220.467,3211.5740000000005,0.02,0.02
24.03.2021 08:12:46.251 GMT-0000,3223.385,3212,0.02,0.02
24.03.2021 08:12:47.642 GMT-0000,3223.262,3215.533,0.02,0.0075
24.03.2021 08:12:47.761 GMT-0000,3225.5490000000004,3216.82,0.02,0.02
24.03.2021 08:13:01.598 GMT-0000,3221.221,3216.533,0.0075,0.0075
24.03.2021 08:13:01.649 GMT-0000,3216.426,3207.6150000000002,0.02,0.02
24.03.2021 08:13:01.777 GMT-0000,3217.5490000000004,3207.656,0.02,0.02
24.03.2021 08:13:04.009 GMT-0000,3216.467,3207.533,0.0075,0.02
24.03.2021 08:13:11.646 GMT-0000,3216.467,3211.7790000000005,0.02,0.02
24.03.2021 08:13:11.891 GMT-0000,3216.426,3207.82,0.02,0.02
24.03.2021 08:13:15.412 GMT-0000,3216.262,3211.451,0.0075,0.0075
24.03.2021 08:13:15.463 GMT-0000,3220,3211.656,0.02,0.02
24.03.2021 08:13:15.613 GMT-0000,3217.385,3211.451,0.02,0.02
24.03.2021 08:13:27.553 GMT-0000,3220.508,3213.451,0.02,0.02
24.03.2021 08:13:28.024 GMT-0000,3220.262,3214.451,0.02,0.0075
24.03.2021 08:13:36.467 GMT-0000,3220.508,3213.492,0.02,0.02
24.03.2021 08:13:37.618 GMT-0000,3220.467,3216.738,0.0075,0.0075
24.03.2021 08:13:37.669 GMT-0000,3227.262,3216.697,0.02,0.02
24.03.2021 08:13:42.365 GMT-0000,3231.303,3220.451,0.02,0.02
24.03.2021 08:13:50.152 GMT-0000,3232.467,3220.5740000000005,0.02,0.02
24.03.2021 08:13:55.646 GMT-0000,3230.508,3220.5740000000005,0.0075,0.0075
24.03.2021 08:13:55.697 GMT-0000,3231.467,3215.492,0.02,0.02
24.03.2021 08:13:56.516 GMT-0000,3230.303,3217.5740000000005,0.02,0.02
24.03.2021 08:13:57.339 GMT-0000,3231.467,3217.5740000000005,0.02,0.02
24.03.2021 08:13:58.623 GMT-0000,3230,3217.656,0.02,0.02
24.03.2021 08:14:00.879 GMT-0000,3231.1800000000003,3217.451,0.02,0.02
24.03.2021 08:14:03.627 GMT-0000,3229,3217.451,0.0075,0.02
24.03.2021 08:14:20.416 GMT-0000,3229.385,3222,0.02,0.0075
24.03.2021 08:14:50.127 GMT-0000,3224.5490000000004,3221.82,0.0075,0.0075
24.03.2021 08:14:50.178 GMT-0000,3224.303,3213.451,0.02,0.02
24.03.2021 08:14:50.412 GMT-0000,3224,3218.697,0.02,0.0075
24.03.2021 08:14:51.351 GMT-0000,3224.221,3213.533,0.02,0.02
24.03.2021 08:15:00.013 GMT-0000,3224,3214.697,0.02,0.0075
24.03.2021 08:15:01.305 GMT-0000,3222.508,3218.5740000000005,0.02,0.02
24.03.2021 08:15:02.022 GMT-0000,3222.221,3214.6150000000002,0.02,0.02
24.03.2021 08:15:03.029 GMT-0000,3221.426,3214.492,0.0075,0.02
24.03.2021 08:15:04.418 GMT-0000,3221.5490000000004,3213.5740000000005,0.02,0.02
24.03.2021 08:15:04.943 GMT-0000,3221.426,3212.7790000000005,0.02,0.02
24.03.2021 08:15:05.845 GMT-0000,3221.1800000000003,3211.5740000000005,0.02,0.02
24.03.2021 08:15:06.006 GMT-0000,3220.262,3211.656,0.0075,0.02
24.03.2021 08:15:08.857 GMT-0000,3220.3440000000005,3210.7790000000005,0.02,0.02
24.03.2021 08:15:09.012 GMT-0000,3220.467,3211.656,0.02,0.0075
24.03.2021 08:15:18.849 GMT-0000,3219.385,3211.533,0.02,0.02
24.03.2021 08:15:18.900 GMT-0000,3220.467,3211.697,0.02,0.02
24.03.2021 08:15:18.950 GMT-0000,3219.426,3211.492,0.02,0.02
24.03.2021 08:15:19.060 GMT-0000,3222.426,3213,0.02,0.02
24.03.2021 08:15:19.111 GMT-0000,3218.262,3212.738,0.02,0.02
24.03.2021 08:15:28.883 GMT-0000,3218.385,3211.738,0.02,0.02
24.03.2021 08:15:31.359 GMT-0000,3217,3211.82,0.02,0.02
24.03.2021 08:15:35.381 GMT-0000,3218.3440000000005,3211.697,0.02,0.02
24.03.2021 08:15:41.799 GMT-0000,3222.508,3211.7790000000005,0.02,0.02
24.03.2021 08:15:43.724 GMT-0000,3222.5490000000004,3212.82,0.02,0.02
24.03.2021 08:15:43.774 GMT-0000,3222.3440000000005,3211.492,0.02,0.02
24.03.2021 08:15:47.530 GMT-0000,3222.467,3216.82,0.0075,0.0075
24.03.2021 08:15:47.580 GMT-0000,3225.262,3217,0.02,0.02
24.03.2021 08:15:48.420 GMT-0000,3222.5490000000004,3217,0.0075,0.02
24.03.2021 08:15:58.815 GMT-0000,3221.303,3216.6150000000002,0.0075,0.02
24.03.2021 08:16:13.020 GMT-0000,3222.221,3216.5740000000005,0.02,0.02
24.03.2021 08:16:22.479 GMT-0000,3221.5490000000004,3217,0.0075,0.02
24.03.2021 08:16:27.845 GMT-0000,3221.3440000000005,3212.533,0.02,0.02
24.03.2021 08:16:49.937 GMT-0000,3221.1800000000003,3213.533,0.02,0.0075
24.03.2021 08:16:51.237 GMT-0000,3221.262,3214.697,0.02,0.02
24.03.2021 08:16:51.516 GMT-0000,3223.303,3216.6150000000002,0.02,0.02
24.03.2021 08:16:51.617 GMT-0000,3222.467,3216.656,0.02,0.02
24.03.2021 08:16:51.727 GMT-0000,3222.385,3215.451,0.02,0.02
24.03.2021 08:16:59.972 GMT-0000,3222.1800000000003,3214.656,0.02,0.02
24.03.2021 08:17:03.888 GMT-0000,3222,3215.656,0.02,0.0075
24.03.2021 08:17:05.002 GMT-0000,3222.5490000000004,3216.697,0.02,0.02
24.03.2021 08:17:51.428 GMT-0000,3222.508,3217.6150000000002,0.02,0.0075
24.03.2021 08:17:51.623 GMT-0000,3222.5490000000004,3216.492,0.02,0.02
24.03.2021 08:17:52.452 GMT-0000,3222.426,3217.492,0.02,0.0075
24.03.2021 08:17:54.591 GMT-0000,3222.385,3218.492,0.02,0.0075
24.03.2021 08:17:54.692 GMT-0000,3226.426,3218.533,0.02,0.02
24.03.2021 08:17:56.095 GMT-0000,3226.1800000000003,3216.533,0.02,0.02
24.03.2021 08:17:56.485 GMT-0000,3226.467,3219,0.02,0.0075
24.03.2021 08:18:29.566 GMT-0000,3226.221,3216.533,0.02,0.02
24.03.2021 08:18:31.600 GMT-0000,3225.1800000000003,3216.656,0.0075,0.02
24.03.2021 08:18:32.467 GMT-0000,3224.221,3216.697,0.02,0.0075
24.03.2021 08:18:32.517 GMT-0000,3224.5490000000004,3216,0.02,0.02
24.03.2021 08:18:32.567 GMT-0000,3224.221,3216.738,0.02,0.02
24.03.2021 08:18:32.618 GMT-0000,3224.467,3215.697,0.02,0.02
24.03.2021 08:18:38.271 GMT-0000,3224.508,3214.6150000000002,0.02,0.02
24.03.2021 08:18:53.680 GMT-0000,3224.262,3216.738,0.02,0.0075
24.03.2021 08:19:02.606 GMT-0000,3224.467,3215.697,0.02,0.02
24.03.2021 08:19:04.445 GMT-0000,3224.221,3217,0.02,0.0075
24.03.2021 08:19:05.667 GMT-0000,3224.303,3218.697,0.0075,0.0075
24.03.2021 08:19:05.717 GMT-0000,3226.385,3218.82,0.02,0.02
24.03.2021 08:19:15.395 GMT-0000,3226.5490000000004,3217.656,0.02,0.02
24.03.2021 08:19:22.784 GMT-0000,3226.303,3216.5740000000005,0.02,0.02
24.03.2021 08:19:23.496 GMT-0000,3226,3217.6150000000002,0.02,0.0075
24.03.2021 08:19:23.597 GMT-0000,3226.426,3219,0.02,0.02
24.03.2021 08:19:24.962 GMT-0000,3224.303,3216.738,0.02,0.0075
24.03.2021 08:19:25.012 GMT-0000,3224.385,3215.656,0.02,0.02
24.03.2021 08:19:25.085 GMT-0000,3224.3440000000005,3216.5740000000005,0.02,0.0075
24.03.2021 08:19:26.460 GMT-0000,3224.426,3216,0.02,0.02
24.03.2021 08:19:26.673 GMT-0000,3224.1800000000003,3216.7790000000005,0.02,0.0075
24.03.2021 08:19:27.640 GMT-0000,3224.508,3215.7790000000005,0.02,0.02
24.03.2021 08:19:28.471 GMT-0000,3224.262,3216.738,0.02,0.02
24.03.2021 08:19:28.934 GMT-0000,3224.262,3215.451,0.02,0.02
24.03.2021 08:19:29.164 GMT-0000,3224.303,3216.6150000000002,0.02,0.02
24.03.2021 08:19:38.614 GMT-0000,3222.303,3215,0.02,0.02
24.03.2021 08:19:42.812 GMT-0000,3222.426,3216.82,0.02,0.0075
24.03.2021 08:19:46.437 GMT-0000,3222.221,3215.82,0.02,0.02
24.03.2021 08:19:46.624 GMT-0000,3222,3216.5740000000005,0.02,0.0075
24.03.2021 08:19:50.357 GMT-0000,3222.385,3215.656,0.02,0.02
24.03.2021 08:19:50.616 GMT-0000,3222.426,3216.451,0.02,0.0075
24.03.2021 08:19:55.953 GMT-0000,3221.3440000000005,3214.738,0.02,0.02
24.03.2021 08:19:59.061 GMT-0000,3220.385,3216.5740000000005,0.0075,0.0075
24.03.2021 08:19:59.666 GMT-0000,3221.3440000000005,3216.697,0.02,0.02
24.03.2021 08:19:59.766 GMT-0000,3223.508,3216.5740000000005,0.02,0.02
24.03.2021 08:19:59.833 GMT-0000,3221.1800000000003,3216.82,0.0075,0.02
24.03.2021 08:20:00.009 GMT-0000,3224.508,3216.656,0.02,0.02
24.03.2021 08:20:04.115 GMT-0000,3223.3440000000005,3216.533,0.02,0.02
24.03.2021 08:20:08.224 GMT-0000,3223.5490000000004,3215.492,0.02,0.02
24.03.2021 08:20:10.561 GMT-0000,3223.5490000000004,3216.533,0.02,0.0075
24.03.2021 08:20:16.190 GMT-0000,3224.508,3216.82,0.02,0.02
24.03.2021 08:20:16.265 GMT-0000,3224,3217.7790000000005,0.02,0.0075
24.03.2021 08:20:16.366 GMT-0000,3225.262,3217.6150000000002,0.02,0.02
24.03.2021 08:20:39.628 GMT-0000,3225.508,3219.492,0.0075,0.0075
24.03.2021 08:20:39.679 GMT-0000,3227.221,3219.738,0.02,0.02
24.03.2021 08:20:49.679 GMT-0000,3227.1800000000003,3221,0.02,0.0075
24.03.2021 08:21:36.646 GMT-0000,3227.508,3223.492,0.0075,0.0075
24.03.2021 08:21:36.696 GMT-0000,3232.426,3223.6150000000002,0.02,0.02
24.03.2021 08:21:36.848 GMT-0000,3231.303,3224,0.0075,0.0075
24.03.2021 08:21:36.899 GMT-0000,3231.3440000000005,3222.451,0.02,0.02
24.03.2021 08:21:38.354 GMT-0000,3232.508,3222.492,0.02,0.02
24.03.2021 08:21:40.666 GMT-0000,3232.3440000000005,3224.5740000000005,0.0075,0.0075
24.03.2021 08:21:40.716 GMT-0000,3235.221,3224.82,0.02,0.02
24.03.2021 08:21:41.433 GMT-0000,3232.385,3224.656,0.0075,0.0075
24.03.2021 08:21:41.484 GMT-0000,3232.221,3223.533,0.02,0.02
24.03.2021 08:21:42.892 GMT-0000,3232.1800000000003,3224.451,0.02,0.0075
24.03.2021 08:21:49.575 GMT-0000,3234,3224.492,0.02,0.02
24.03.2021 08:21:50.282 GMT-0000,3235.508,3224.533,0.02,0.02
24.03.2021 08:21:50.402 GMT-0000,3236.426,3224.7790000000005,0.02,0.02
24.03.2021 08:21:52.534 GMT-0000,3236.221,3226.697,0.02,0.0075
24.03.2021 08:21:52.685 GMT-0000,3236.221,3228,0.02,0.02
24.03.2021 08:21:54.479 GMT-0000,3236.303,3225.82,0.02,0.02
24.03.2021 08:22:03.426 GMT-0000,3236.1800000000003,3226.738,0.02,0.02
24.03.2021 08:22:21.246 GMT-0000,3235.303,3230.492,0.02,0.02
24.03.2021 08:23:02.827 GMT-0000,3237.221,3232,0.02,0.02
24.03.2021 08:23:09.204 GMT-0000,3238.5490000000004,3231.6150000000002,0.02,0.02
24.03.2021 08:23:09.283 GMT-0000,3240,3231.492,0.02,0.02
24.03.2021 08:23:56.161 GMT-0000,3238,3232,0.0075,0.02
24.03.2021 08:23:56.386 GMT-0000,3240.262,3231.7790000000005,0.02,0.02
24.03.2021 08:24:01.101 GMT-0000,3238.508,3231.738,0.0075,0.02
24.03.2021 08:24:33.220 GMT-0000,3237.5490000000004,3231.738,0.02,0.02
24.03.2021 08:24:33.373 GMT-0000,3238.5490000000004,3231.492,0.02,0.02
24.03.2021 08:25:11.238 GMT-0000,3240.467,3233.5740000000005,0.02,0.02
24.03.2021 08:25:11.288 GMT-0000,3244.221,3235.738,0.02,0.02
24.03.2021 08:25:14.245 GMT-0000,3243.303,3233.656,0.02,0.02
24.03.2021 08:25:14.296 GMT-0000,3243.5490000000004,3236.697,0.02,0.02
24.03.2021 08:25:16.424 GMT-0000,3243.467,3237.738,0.0075,0.0075
24.03.2021 08:25:16.475 GMT-0000,3245.1800000000003,3237.697,0.02,0.02
24.03.2021 08:25:16.674 GMT-0000,3245.221,3236.6150000000002,0.02,0.02
24.03.2021 08:25:26.084 GMT-0000,3245.1800000000003,3237.492,0.02,0.0075
24.03.2021 08:25:26.267 GMT-0000,3244.303,3237.533,0.0075,0.02
24.03.2021 08:25:46.261 GMT-0000,3243.508,3238.656,0.0075,0.0075
24.03.2021 08:25:46.311 GMT-0000,3245.3440000000005,3237.738,0.02,0.02
24.03.2021 08:25:46.362 GMT-0000,3245.262,3239.492,0.02,0.02
24.03.2021 08:25:46.542 GMT-0000,3246.262,3239.533,0.02,0.02
24.03.2021 08:25:46.709 GMT-0000,3246.3440000000005,3241,0.02,0.0075
24.03.2021 08:25:46.878 GMT-0000,3246.467,3239.5740000000005,0.02,0.02
24.03.2021 08:25:48.445 GMT-0000,3246.303,3240.5740000000005,0.02,0.02
24.03.2021 08:25:49.335 GMT-0000,3246.262,3239.5740000000005,0.02,0.02
24.03.2021 08:25:51.073 GMT-0000,3245.508,3240,0.02,0.02
24.03.2021 08:25:51.220 GMT-0000,3247.262,3239.7790000000005,0.02,0.02
24.03.2021 08:25:51.357 GMT-0000,3247.426,3238.6150000000002,0.02,0.02
24.03.2021 08:25:51.416 GMT-0000,3247.508,3240.7790000000005,0.02,0.0075
24.03.2021 08:25:53.146 GMT-0000,3246.221,3240.5740000000005,0.0075,0.02
24.03.2021 08:25:56.299 GMT-0000,3245.5490000000004,3240.6150000000002,0.02,0.02
24.03.2021 08:26:23.682 GMT-0000,3245.262,3241.5740000000005,0.02,0.02
24.03.2021 08:26:25.177 GMT-0000,3249.385,3241.6150000000002,0.02,0.02
24.03.2021 08:26:25.279 GMT-0000,3251.385,3241.82,0.02,0.02
24.03.2021 08:26:25.329 GMT-0000,3251.426,3243.6150000000002,0.02,0.02
24.03.2021 08:26:26.159 GMT-0000,3249.385,3243.82,0.0075,0.0075
24.03.2021 08:26:26.209 GMT-0000,3249.467,3242.5740000000005,0.02,0.02
24.03.2021 08:26:26.313 GMT-0000,3248.385,3242.533,0.0075,0.0075
24.03.2021 08:26:26.363 GMT-0000,3248.5490000000004,3242,0.02,0.02
24.03.2021 08:26:26.474 GMT-0000,3251.426,3241.533,0.02,0.02
24.03.2021 08:26:28.058 GMT-0000,3251,3242.6150000000002,0.02,0.0075
24.03.2021 08:26:28.725 GMT-0000,3251,3243.7790000000005,0.02,0.02
24.03.2021 08:26:40.212 GMT-0000,3249.1800000000003,3243.697,0.0075,0.02
24.03.2021 08:26:40.420 GMT-0000,3248.221,3243.7790000000005,0.0075,0.02
24.03.2021 08:27:12.292 GMT-0000,3248.467,3242.533,0.02,0.02
24.03.2021 08:27:12.343 GMT-0000,3248.467,3244.656,0.02,0.02
24.03.2021 08:27:19.778 GMT-0000,3250.262,3243.492,0.02,0.02
24.03.2021 08:27:19.828 GMT-0000,3250.221,3246.6150000000002,0.02,0.02
24.03.2021 08:27:25.184 GMT-0000,3250,3246,0.02,0.02
24.03.2021 08:27:25.234 GMT-0000,3250,3247.7790000000005,0.02,0.02
24.03.2021 08:27:37.274 GMT-0000,3252.467,3245.82,0.02,0.02
24.03.2021 08:27:46.648 GMT-0000,3252.5490000000004,3246.738,0.0075,0.0075
24.03.2021 08:27:46.698 GMT-0000,3255.303,3246.697,0.02,0.02
24.03.2021 08:28:00.288 GMT-0000,3255.221,3247.82,0.02,0.02
24.03.2021 08:28:31.210 GMT-0000,3256.1800000000003,3247,0.02,0.02
24.03.2021 08:28:31.260 GMT-0000,3257.303,3249,0.02,0.02
24.03.2021 08:28:31.522 GMT-0000,3252.426,3248.697,0.0075,0.02
24.03.2021 08:28:31.573 GMT-0000,3256.303,3248.492,0.02,0.02
24.03.2021 08:28:35.274 GMT-0000,3257.5490000000004,3248.697,0.02,0.02
24.03.2021 08:28:35.326 GMT-0000,3253.5490000000004,3248.738,0.0075,0.02
24.03.2021 08:28:35.516 GMT-0000,3257.3440000000005,3248.492,0.02,0.02
24.03.2021 08:28:36.253 GMT-0000,3257,3247.82,0.02,0.02
24.03.2021 08:28:36.304 GMT-0000,3257.426,3250.697,0.02,0.02
24.03.2021 08:28:37.391 GMT-0000,3259.508,3251,0.02,0.02
24.03.2021 08:28:38.062 GMT-0000,3264.3440000000005,3252.6150000000002,0.02,0.02
24.03.2021 08:28:41.116 GMT-0000,3264.508,3250.451,0.02,0.02
24.03.2021 08:28:41.550 GMT-0000,3262.3440000000005,3251.82,0.02,0.02
24.03.2021 08:28:46.521 GMT-0000,3263.221,3256.7790000000005,0.02,0.02
24.03.2021 08:28:46.571 GMT-0000,3263.508,3254.451,0.02,0.02
24.03.2021 08:28:46.628 GMT-0000,3263.426,3259.533,0.0075,0.0075
24.03.2021 08:28:46.678 GMT-0000,3265,3259.82,0.02,0.02
24.03.2021 08:28:47.137 GMT-0000,3267.3440000000005,3259.82,0.02,0.02
24.03.2021 08:28:47.188 GMT-0000,3263.3440000000005,3259.7790000000005,0.02,0.02
24.03.2021 08:28:47.683 GMT-0000,3263.5490000000004,3256.533,0.02,0.02
24.03.2021 08:28:47.862 GMT-0000,3263.303,3253.5740000000005,0.02,0.02
24.03.2021 08:28:47.913 GMT-0000,3264.508,3253.533,0.02,0.02
24.03.2021 08:28:48.272 GMT-0000,3259.508,3253.451,0.0075,0.0075
24.03.2021 08:28:48.323 GMT-0000,3259.426,3251.656,0.02,0.02
24.03.2021 08:28:48.429 GMT-0000,3263.508,3251.5740000000005,0.0075,0.02
24.03.2021 08:28:49.836 GMT-0000,3260.426,3251.738,0.0075,0.02
24.03.2021 08:28:51.679 GMT-0000,3258.426,3251.6150000000002,0.0075,0.02
24.03.2021 08:28:51.780 GMT-0000,3257.5490000000004,3250.492,0.02,0.02
24.03.2021 08:28:51.930 GMT-0000,3257.221,3251.451,0.02,0.02
24.03.2021 08:28:52.705 GMT-0000,3257.5490000000004,3249.7790000000005,0.02,0.02
24.03.2021 08:28:56.481 GMT-0000,3256.221,3249.451,0.0075,0.02
24.03.2021 08:28:56.531 GMT-0000,3256.1800000000003,3248.738,0.02,0.02
24.03.2021 08:29:14.102 GMT-0000,3258.467,3249.82,0.02,0.02
24.03.2021 08:29:14.152 GMT-0000,3257,3249.656,0.02,0.02
24.03.2021 08:29:24.229 GMT-0000,3256.262,3249.656,0.0075,0.02
24.03.2021 08:29:31.793 GMT-0000,3253.1800000000003,3249.697,0.0075,0.02
24.03.2021 08:29:40.567 GMT-0000,3256.467,3249.7790000000005,0.02,0.02
24.03.2021 08:29:52.441 GMT-0000,3254.1800000000003,3249.656,0.0075,0.02
24.03.2021 08:30:00.148 GMT-0000,3254.426,3251.82,0.02,0.0075
24.03.2021 08:30:06.233 GMT-0000,3258.426,3252.451,0.02,0.02
24.03.2021 08:30:06.284 GMT-0000,3258.1800000000003,3251.451,0.02,0.02
24.03.2021 08:30:06.416 GMT-0000,3257.467,3252.656,0.02,0.02
24.03.2021 08:30:06.616 GMT-0000,3255.426,3252.697,0.0075,0.02
24.03.2021 08:30:07.543 GMT-0000,3256.1800000000003,3252.5740000000005,0.02,0.02
24.03.2021 08:30:14.537 GMT-0000,3255.221,3252.697,0.0075,0.02
24.03.2021 08:30:19.376 GMT-0000,3255.3440000000005,3253.451,0.0075,0.0075
24.03.2021 08:30:19.427 GMT-0000,3257,3253.6150000000002,0.02,0.02
24.03.2021 08:30:19.549 GMT-0000,3258,3253,0.02,0.02
24.03.2021 08:30:19.863 GMT-0000,3256.508,3252.738,0.0075,0.02
24.03.2021 08:30:31.040 GMT-0000,3256.467,3253.82,0.0075,0.0075
24.03.2021 08:30:31.090 GMT-0000,3262.508,3253.5740000000005,0.02,0.02
24.03.2021 08:30:31.141 GMT-0000,3257.221,3253.492,0.02,0.02
24.03.2021 08:30:31.319 GMT-0000,3259.508,3253.697,0.02,0.02
24.03.2021 08:30:31.874 GMT-0000,3259.508,3256.451,0.02,0.0075
24.03.2021 08:30:37.566 GMT-0000,3258.385,3256.656,0.0075,0.02
24.03.2021 08:30:48.430 GMT-0000,3257.385,3251.6150000000002,0.02,0.02
24.03.2021 08:30:48.531 GMT-0000,3257,3253.6150000000002,0.02,0.0075
24.03.2021 08:30:49.892 GMT-0000,3257.508,3254.656,0.02,0.0075
24.03.2021 08:30:49.943 GMT-0000,3257.262,3253.451,0.02,0.02
24.03.2021 08:30:57.714 GMT-0000,3257.303,3251.5740000000005,0.02,0.02
24.03.2021 08:30:58.326 GMT-0000,3256.262,3251.656,0.0075,0.02
24.03.2021 08:30:58.427 GMT-0000,3255.303,3252,0.02,0.02
24.03.2021 08:30:58.583 GMT-0000,3255.467,3249.697,0.02,0.02
24.03.2021 08:31:03.994 GMT-0000,3255.1800000000003,3250.656,0.02,0.0075
24.03.2021 08:31:04.358 GMT-0000,3255.303,3248.533,0.02,0.02
24.03.2021 08:31:04.479 GMT-0000,3253.221,3248.82,0.0075,0.02
24.03.2021 08:31:04.893 GMT-0000,3253.426,3249.451,0.02,0.02
24.03.2021 08:31:05.020 GMT-0000,3253.25,3252.492,0.0075,0.0075
24.03.2021 08:31:05.071 GMT-0000,3255.467,3252.82,0.02,0.02
24.03.2021 08:31:07.424 GMT-0000,3255.508,3251.7790000000005,0.02,0.02
24.03.2021 08:31:10.186 GMT-0000,3255.1800000000003,3252.656,0.02,0.0075
24.03.2021 08:31:10.342 GMT-0000,3255.221,3251.82,0.02,0.02
24.03.2021 08:31:11.830 GMT-0000,3255.5490000000004,3250.6150000000002,0.02,0.0075
24.03.2021 08:31:11.881 GMT-0000,3255.5490000000004,3249.82,0.02,0.02
24.03.2021 08:31:12.500 GMT-0000,3255.5490000000004,3251,0.02,0.0075
24.03.2021 08:31:14.032 GMT-0000,3255.508,3251.533,0.02,0.02
24.03.2021 08:31:38.436 GMT-0000,3255.303,3250.492,0.02,0.02
24.03.2021 08:31:38.487 GMT-0000,3255.426,3252.5740000000005,0.02,0.02
24.03.2021 08:31:40.980 GMT-0000,3255.508,3250.533,0.02,0.02
24.03.2021 08:31:41.031 GMT-0000,3255,3249.451,0.02,0.02
24.03.2021 08:31:41.734 GMT-0000,3255.467,3251.656,0.02,0.0075
24.03.2021 08:31:48.326 GMT-0000,3254.467,3251.656,0.02,0.02
24.03.2021 08:31:49.140 GMT-0000,3254.385,3249.82,0.02,0.02
24.03.2021 08:31:49.291 GMT-0000,3254.3440000000005,3248.738,0.02,0.02
24.03.2021 08:31:51.880 GMT-0000,3253.508,3246.656,0.02,0.02
24.03.2021 08:31:51.931 GMT-0000,3251.262,3245.533,0.02,0.02
24.03.2021 08:31:52.031 GMT-0000,3251.262,3244.533,0.02,0.02
24.03.2021 08:31:52.096 GMT-0000,3250.262,3244.7790000000005,0.02,0.02
24.03.2021 08:31:52.871 GMT-0000,3249.508,3244.451,0.02,0.02
24.03.2021 08:32:01.453 GMT-0000,3248.5490000000004,3244.656,0.02,0.02
24.03.2021 08:32:01.539 GMT-0000,3249.426,3244.5740000000005,0.02,0.02
24.03.2021 08:32:01.649 GMT-0000,3248.385,3245,0.0075,0.02
24.03.2021 08:32:15.172 GMT-0000,3248.3440000000005,3245.738,0.0075,0.0075
24.03.2021 08:32:16.165 GMT-0000,3250.5490000000004,3246.697,0.02,0.02
24.03.2021 08:32:21.323 GMT-0000,3249.467,3246.738,0.0075,0.02
24.03.2021 08:32:22.108 GMT-0000,3247.385,3244.656,0.0075,0.02
24.03.2021 08:32:22.158 GMT-0000,3249.508,3244.82,0.02,0.02
24.03.2021 08:32:28.064 GMT-0000,3247.467,3244.6150000000002,0.0075,0.02
24.03.2021 08:32:30.001 GMT-0000,3247.1800000000003,3243.656,0.02,0.02
24.03.2021 08:32:30.549 GMT-0000,3246.3440000000005,3243.5740000000005,0.0075,0.02
24.03.2021 08:32:32.062 GMT-0000,3246.1800000000003,3241.6150000000002,0.02,0.02
24.03.2021 08:32:33.580 GMT-0000,3246,3242.656,0.02,0.0075
24.03.2021 08:32:41.074 GMT-0000,3246.385,3241.7790000000005,0.02,0.02
24.03.2021 08:32:42.272 GMT-0000,3246.3440000000005,3242.7790000000005,0.02,0.0075
24.03.2021 08:32:44.991 GMT-0000,3246.426,3241.5740000000005,0.02,0.02
24.03.2021 08:32:45.042 GMT-0000,3245.262,3242.697,0.02,0.02
24.03.2021 08:32:51.936 GMT-0000,3245.385,3237.82,0.02,0.02
24.03.2021 08:32:52.832 GMT-0000,3245.262,3240.451,0.02,0.0075
24.03.2021 08:32:52.933 GMT-0000,3245.426,3239.451,0.02,0.02
24.03.2021 08:32:56.012 GMT-0000,3245.385,3240.7790000000005,0.02,0.0075
24.03.2021 08:32:58.066 GMT-0000,3244.508,3240.738,0.0075,0.02
24.03.2021 08:33:04.549 GMT-0000,3243,3240.7790000000005,0.02,0.02
24.03.2021 08:33:04.712 GMT-0000,3244.385,3240.7790000000005,0.02,0.02
24.03.2021 08:33:14.756 GMT-0000,3247.426,3241.5740000000005,0.02,0.02
24.03.2021 08:33:14.816 GMT-0000,3245.221,3242,0.0075,0.0075
24.03.2021 08:33:14.866 GMT-0000,3245.467,3240.492,0.02,0.02
24.03.2021 08:33:16.448 GMT-0000,3245.262,3241.656,0.02,0.02
24.03.2021 08:33:16.499 GMT-0000,3246.1800000000003,3241.533,0.02,0.02
24.03.2021 08:33:16.951 GMT-0000,3246.221,3243.82,0.02,0.0075
24.03.2021 08:33:27.032 GMT-0000,3245.1800000000003,3243.82,0.0075,0.0075
24.03.2021 08:33:27.082 GMT-0000,3245.426,3241.451,0.02,0.02
24.03.2021 08:33:28.339 GMT-0000,3245.508,3240.82,0.02,0.02
24.03.2021 08:33:31.333 GMT-0000,3245.262,3243,0.02,0.0075
24.03.2021 08:33:36.240 GMT-0000,3249.385,3244,0.02,0.02
24.03.2021 08:33:36.290 GMT-0000,3247.303,3243.697,0.02,0.02
24.03.2021 08:33:36.441 GMT-0000,3247.467,3244.738,0.02,0.02
24.03.2021 08:33:48.365 GMT-0000,3247.1800000000003,3243.697,0.02,0.02
24.03.2021 08:33:48.416 GMT-0000,3247.426,3245.533,0.02,0.02
24.03.2021 08:33:59.395 GMT-0000,3248.303,3246,0.02,0.02
24.03.2021 08:34:21.329 GMT-0000,3247.385,3245.697,0.0075,0.02
24.03.2021 08:34:25.594 GMT-0000,3250.385,3245.738,0.02,0.02
24.03.2021 08:34:25.694 GMT-0000,3251.385,3245.697,0.02,0.02
24.03.2021 08:34:26.767 GMT-0000,3251.221,3246.7790000000005,0.02,0.02
24.03.2021 08:34:26.874 GMT-0000,3251.262,3247.697,0.02,0.02
24.03.2021 08:34:31.824 GMT-0000,3252.508,3247.656,0.02,0.02
24.03.2021 08:34:31.894 GMT-0000,3250.426,3247.697,0.02,0.02
24.03.2021 08:34:35.721 GMT-0000,3255.1800000000003,3249,0.02,0.02
24.03.2021 08:34:36.485 GMT-0000,3254.1800000000003,3250.533,0.02,0.02
24.03.2021 08:34:43.328 GMT-0000,3253.467,3250.82,0.0075,0.02
24.03.2021 08:34:44.883 GMT-0000,3252.221,3246.7790000000005,0.02,0.02
24.03.2021 08:34:48.301 GMT-0000,3252.1800000000003,3248.533,0.02,0.02
24.03.2021 08:34:52.179 GMT-0000,3252.303,3245.492,0.02,0.02
24.03.2021 08:34:52.356 GMT-0000,3250.303,3245.6150000000002,0.0075,0.02
24.03.2021 08:34:59.020 GMT-0000,3250.303,3248.533,0.0075,0.0075
24.03.2021 08:34:59.070 GMT-0000,3251.5490000000004,3246.6150000000002,0.02,0.02
24.03.2021 08:34:59.476 GMT-0000,3250.5490000000004,3246.82,0.0075,0.02
24.03.2021 08:35:00.149 GMT-0000,3250.262,3245.6150000000002,0.02,0.02
24.03.2021 08:35:01.749 GMT-0000,3250.3440000000005,3244.533,0.02,0.02
24.03.2021 08:35:01.862 GMT-0000,3249.221,3244.7790000000005,0.02,0.02
24.03.2021 08:35:02.062 GMT-0000,3249.262,3243.656,0.02,0.02
24.03.2021 08:35:02.846 GMT-0000,3249.467,3244.82,0.02,0.0075
24.03.2021 08:35:06.120 GMT-0000,3248.385,3244.492,0.0075,0.02
24.03.2021 08:35:06.221 GMT-0000,3247.385,3241.6150000000002,0.02,0.02
24.03.2021 08:35:11.909 GMT-0000,3248.303,3241.6150000000002,0.02,0.02
24.03.2021 08:35:11.959 GMT-0000,3245.221,3240.5740000000005,0.02,0.02
24.03.2021 08:35:18.966 GMT-0000,3245.467,3239.492,0.02,0.02
24.03.2021 08:35:19.288 GMT-0000,3244.3440000000005,3239.7790000000005,0.02,0.02
24.03.2021 08:35:21.560 GMT-0000,3244.5490000000004,3240.656,0.02,0.0075
24.03.2021 08:35:21.611 GMT-0000,3244.1800000000003,3239.492,0.02,0.02
24.03.2021 08:35:21.661 GMT-0000,3245.385,3241.5740000000005,0.02,0.02
24.03.2021 08:35:39.154 GMT-0000,3245,3243,0.02,0.0075
24.03.2021 08:35:42.776 GMT-0000,3245.303,3241.492,0.02,0.02
24.03.2021 08:35:44.112 GMT-0000,3245.508,3242.656,0.02,0.0075
24.03.2021 08:35:46.019 GMT-0000,3245.385,3243.6150000000002,0.0075,0.0075
24.03.2021 08:35:46.070 GMT-0000,3246.385,3242.697,0.02,0.02
24.03.2021 08:35:57.719 GMT-0000,3245.262,3242.656,0.0075,0.0075
24.03.2021 08:35:57.769 GMT-0000,3245.385,3238.6150000000002,0.02,0.02
24.03.2021 08:35:57.819 GMT-0000,3243.303,3238.6150000000002,0.02,0.02
24.03.2021 08:35:58.960 GMT-0000,3243.221,3235.5740000000005,0.02,0.02
24.03.2021 08:35:59.262 GMT-0000,3243.303,3234.82,0.02,0.02
24.03.2021 08:35:59.347 GMT-0000,3243.426,3236.738,0.02,0.0075
24.03.2021 08:36:00.723 GMT-0000,3243.262,3237.697,0.02,0.02
24.03.2021 08:36:01.412 GMT-0000,3243.385,3239,0.02,0.0075
24.03.2021 08:36:05.349 GMT-0000,3243,3237.7790000000005,0.02,0.02
24.03.2021 08:36:15.579 GMT-0000,3243.467,3236.533,0.02,0.02
24.03.2021 08:36:15.837 GMT-0000,3243,3237.7790000000005,0.02,0.0075
24.03.2021 08:36:23.068 GMT-0000,3243.385,3237,0.02,0.02
24.03.2021 08:36:25.086 GMT-0000,3243.303,3237.697,0.02,0.02
24.03.2021 08:36:30.196 GMT-0000,3243.303,3236.656,0.02,0.02
24.03.2021 08:36:31.067 GMT-0000,3239,3236.656,0.0075,0.02
24.03.2021 08:36:42.807 GMT-0000,3241.5490000000004,3238.451,0.02,0.02
24.03.2021 08:36:42.955 GMT-0000,3241.262,3237.656,0.02,0.02
24.03.2021 08:36:43.016 GMT-0000,3241.5490000000004,3239.82,0.02,0.0075
24.03.2021 08:36:48.896 GMT-0000,3243.1800000000003,3239.82,0.02,0.02
24.03.2021 08:36:49.420 GMT-0000,3242.303,3239.533,0.02,0.02
24.03.2021 08:36:49.558 GMT-0000,3243.3440000000005,3239.697,0.02,0.02
24.03.2021 08:36:52.453 GMT-0000,3243.262,3241.492,0.02,0.02
24.03.2021 08:36:54.840 GMT-0000,3246.303,3241.533,0.02,0.02
24.03.2021 08:36:54.890 GMT-0000,3246.5490000000004,3242.451,0.02,0.02
24.03.2021 08:36:55.052 GMT-0000,3246.3440000000005,3241.82,0.02,0.02
24.03.2021 08:36:55.640 GMT-0000,3246.508,3242.492,0.02,0.0075
24.03.2021 08:37:19.889 GMT-0000,3244.3440000000005,3242.451,0.0075,0.02
24.03.2021 08:37:29.903 GMT-0000,3243.1800000000003,3242.25,0.0075,0.0075
24.03.2021 08:37:29.954 GMT-0000,3242.426,3235.492,0.02,0.02
24.03.2021 08:37:30.486 GMT-0000,3241.508,3235.738,0.02,0.02
24.03.2021 08:37:31.620 GMT-0000,3239.426,3235.6150000000002,0.0075,0.02
24.03.2021 08:37:39.462 GMT-0000,3241.467,3235.533,0.02,0.02
24.03.2021 08:37:39.896 GMT-0000,3240.221,3236,0.0075,0.02
24.03.2021 08:37:43.007 GMT-0000,3240.262,3234.656,0.02,0.02
24.03.2021 08:37:43.058 GMT-0000,3240.303,3233.697,0.02,0.02
24.03.2021 08:37:44.812 GMT-0000,3240.467,3235.82,0.02,0.0075
24.03.2021 08:37:49.279 GMT-0000,3238.1800000000003,3235.82,0.0075,0.02
24.03.2021 08:37:50.624 GMT-0000,3238.5490000000004,3236.738,0.0075,0.0075
24.03.2021 08:37:50.674 GMT-0000,3240.385,3237,0.02,0.02
24.03.2021 08:37:50.865 GMT-0000,3240.5490000000004,3236,0.02,0.02
24.03.2021 08:37:55.389 GMT-0000,3240.303,3237.697,0.0075,0.0075
24.03.2021 08:37:55.440 GMT-0000,3241.426,3237.451,0.02,0.02
24.03.2021 08:37:55.710 GMT-0000,3241.385,3238.492,0.02,0.0075
24.03.2021 08:38:09.653 GMT-0000,3243.221,3239.492,0.02,0.02
24.03.2021 08:38:09.703 GMT-0000,3241.385,3239.738,0.02,0.02
24.03.2021 08:38:09.882 GMT-0000,3243.467,3238.533,0.02,0.02
24.03.2021 08:38:09.940 GMT-0000,3242.426,3238.492,0.0075,0.02
24.03.2021 08:38:13.216 GMT-0000,3242.221,3239.7790000000005,0.02,0.0075
24.03.2021 08:38:13.316 GMT-0000,3242.426,3239,0.02,0.02
24.03.2021 08:38:17.538 GMT-0000,3241.303,3238.82,0.0075,0.02
24.03.2021 08:38:21.466 GMT-0000,3242.262,3238.738,0.02,0.02
24.03.2021 08:38:24.867 GMT-0000,3242.508,3239.697,0.02,0.02
24.03.2021 08:38:24.977 GMT-0000,3242.303,3238.492,0.02,0.02
24.03.2021 08:38:34.612 GMT-0000,3241.5490000000004,3238.6150000000002,0.02,0.02
24.03.2021 08:38:43.062 GMT-0000,3242,3238.6150000000002,0.02,0.02
24.03.2021 08:39:00.662 GMT-0000,3241.221,3239,0.0075,0.02
24.03.2021 08:39:06.615 GMT-0000,3242.221,3238.451,0.02,0.02
24.03.2021 08:39:06.691 GMT-0000,3241.221,3238.533,0.0075,0.02
24.03.2021 08:39:09.653 GMT-0000,3241.221,3240,0.02,0.0075
24.03.2021 08:39:26.377 GMT-0000,3241.1800000000003,3238.492,0.02,0.02
24.03.2021 08:39:26.879 GMT-0000,3240.221,3239,0.0075,0.02
24.03.2021 08:39:27.074 GMT-0000,3240.508,3236.492,0.02,0.02
24.03.2021 08:39:28.394 GMT-0000,3240.385,3234.656,0.02,0.02
24.03.2021 08:39:28.445 GMT-0000,3240.5490000000004,3236.82,0.02,0.02
24.03.2021 08:39:41.177 GMT-0000,3240.303,3237.5740000000005,0.02,0.0075
24.03.2021 08:39:41.278 GMT-0000,3244.385,3239,0.02,0.02
24.03.2021 08:39:41.328 GMT-0000,3241.3440000000005,3238.738,0.02,0.02
24.03.2021 08:39:41.378 GMT-0000,3241,3237.656,0.02,0.02
24.03.2021 08:39:41.429 GMT-0000,3241.221,3236.451,0.02,0.02
24.03.2021 08:39:41.674 GMT-0000,3241.426,3238.492,0.02,0.0075
24.03.2021 08:39:53.462 GMT-0000,3240.221,3238.7790000000005,0.0075,0.0075
24.03.2021 08:39:53.512 GMT-0000,3240.303,3237.5740000000005,0.02,0.02
24.03.2021 08:39:54.580 GMT-0000,3238.385,3233.697,0.02,0.02
24.03.2021 08:39:57.478 GMT-0000,3237.5490000000004,3233.656,0.0075,0.02
24.03.2021 08:40:02.564 GMT-0000,3237.385,3235,0.02,0.02
24.03.2021 08:40:03.079 GMT-0000,3237.1800000000003,3233.7790000000005,0.02,0.02
24.03.2021 08:40:08.529 GMT-0000,3237.221,3235.82,0.0075,0.0075
24.03.2021 08:40:08.580 GMT-0000,3241.385,3235.533,0.02,0.02
24.03.2021 08:40:08.630 GMT-0000,3240.3440000000005,3237,0.02,0.02
24.03.2021 08:40:08.758 GMT-0000,3239.426,3237,0.02,0.02
24.03.2021 08:40:13.116 GMT-0000,3239,3234.7790000000005,0.02,0.02
24.03.2021 08:40:14.720 GMT-0000,3239,3236,0.02,0.0075
24.03.2021 08:40:16.130 GMT-0000,3239.303,3234,0.02,0.02
24.03.2021 08:40:19.208 GMT-0000,3238.303,3231.492,0.02,0.02
24.03.2021 08:40:19.259 GMT-0000,3236.1800000000003,3229.697,0.02,0.02
24.03.2021 08:40:19.543 GMT-0000,3234.385,3229.656,0.02,0.02
24.03.2021 08:40:20.912 GMT-0000,3234.467,3228.533,0.02,0.02
24.03.2021 08:40:20.963 GMT-0000,3234,3229.6150000000002,0.02,0.0075
24.03.2021 08:40:21.157 GMT-0000,3234.3440000000005,3229,0.02,0.02
24.03.2021 08:40:22.212 GMT-0000,3234.467,3229.7790000000005,0.02,0.0075
24.03.2021 08:40:27.320 GMT-0000,3234.303,3232,0.02,0.02
24.03.2021 08:40:30.738 GMT-0000,3234.262,3229.6150000000002,0.02,0.02
24.03.2021 08:40:31.142 GMT-0000,3233.385,3229.656,0.0075,0.0075
24.03.2021 08:40:31.193 GMT-0000,3233.385,3227.6150000000002,0.02,0.02
24.03.2021 08:40:33.312 GMT-0000,3233.5490000000004,3229.656,0.02,0.0075
24.03.2021 08:40:35.132 GMT-0000,3233.221,3230.738,0.02,0.0075
24.03.2021 08:41:00.791 GMT-0000,3238.467,3232.738,0.02,0.02
24.03.2021 08:41:01.798 GMT-0000,3238,3230.82,0.02,0.02
24.03.2021 08:41:02.769 GMT-0000,3235.5490000000004,3230.7790000000005,0.0075,0.02
24.03.2021 08:41:04.902 GMT-0000,3235.3440000000005,3232.5740000000005,0.0075,0.0075
24.03.2021 08:41:04.952 GMT-0000,3237.467,3231.738,0.02,0.02
24.03.2021 08:41:05.849 GMT-0000,3237.262,3233.6150000000002,0.02,0.0075
24.03.2021 08:41:25.537 GMT-0000,3236.426,3233.492,0.0075,0.02
24.03.2021 08:41:25.587 GMT-0000,3236.1800000000003,3231.492,0.02,0.02
24.03.2021 08:41:25.637 GMT-0000,3235.262,3230.5740000000005,0.02,0.02
24.03.2021 08:41:26.828 GMT-0000,3235.467,3232.656,0.02,0.0075
24.03.2021 08:41:55.522 GMT-0000,3234.5490000000004,3232.82,0.0075,0.0075
24.03.2021 08:41:55.573 GMT-0000,3234.508,3230.656,0.02,0.02
24.03.2021 08:41:55.623 GMT-0000,3235.385,3233,0.02,0.02
24.03.2021 08:41:55.838 GMT-0000,3237.221,3232.7790000000005,0.02,0.02
24.03.2021 08:42:00.702 GMT-0000,3235.508,3232.533,0.02,0.02
24.03.2021 08:42:07.128 GMT-0000,3235.467,3231.5740000000005,0.02,0.02
24.03.2021 08:42:10.675 GMT-0000,3235.3440000000005,3233,0.02,0.02
24.03.2021 08:42:18.844 GMT-0000,3233.3440000000005,3228.6150000000002,0.02,0.02
24.03.2021 08:42:19.152 GMT-0000,3233.467,3230.492,0.0075,0.0075
24.03.2021 08:42:19.203 GMT-0000,3237.5490000000004,3230.533,0.02,0.02
24.03.2021 08:42:19.253 GMT-0000,3235.262,3230.5740000000005,0.02,0.02
24.03.2021 08:42:19.365 GMT-0000,3236.508,3230.656,0.02,0.02
24.03.2021 08:42:19.415 GMT-0000,3235.467,3230.738,0.02,0.02
24.03.2021 08:42:19.556 GMT-0000,3235.3440000000005,3231.738,0.02,0.02
24.03.2021 08:42:19.733 GMT-0000,3236.508,3232.7790000000005,0.0075,0.02
24.03.2021 08:42:19.783 GMT-0000,3238.3440000000005,3232.7790000000005,0.02,0.02
24.03.2021 08:42:20.781 GMT-0000,3237.303,3232.451,0.0075,0.02
24.03.2021 08:42:23.678 GMT-0000,3237.426,3231.7790000000005,0.02,0.02
24.03.2021 08:42:24.616 GMT-0000,3237.221,3232.738,0.02,0.0075
24.03.2021 08:42:28.841 GMT-0000,3236.303,3232.7790000000005,0.0075,0.02
24.03.2021 08:42:31.141 GMT-0000,3237.3440000000005,3232.738,0.02,0.02
24.03.2021 08:42:32.888 GMT-0000,3237.508,3233.7790000000005,0.02,0.0075
24.03.2021 08:42:40.455 GMT-0000,3238.1800000000003,3234.6150000000002,0.02,0.02
24.03.2021 08:42:40.505 GMT-0000,3238.3440000000005,3234,0.02,0.02
24.03.2021 08:42:40.555 GMT-0000,3236.3440000000005,3233.492,0.02,0.02
24.03.2021 08:42:40.763 GMT-0000,3237.385,3233.656,0.02,0.02
24.03.2021 08:42:41.612 GMT-0000,3238.508,3232.656,0.02,0.02
24.03.2021 08:42:49.019 GMT-0000,3237.3440000000005,3232.82,0.0075,0.02
24.03.2021 08:42:51.049 GMT-0000,3237.426,3234.451,0.0075,0.0075
24.03.2021 08:42:51.100 GMT-0000,3237.467,3233.451,0.02,0.02
24.03.2021 08:42:51.150 GMT-0000,3237.221,3234.533,0.02,0.02
24.03.2021 08:42:53.150 GMT-0000,3240.1800000000003,3234.451,0.02,0.02
24.03.2021 08:42:55.521 GMT-0000,3239.426,3234.6150000000002,0.0075,0.02
24.03.2021 08:42:55.621 GMT-0000,3240.5490000000004,3235,0.02,0.02
24.03.2021 08:42:56.048 GMT-0000,3240.508,3236.697,0.02,0.02
24.03.2021 08:43:01.128 GMT-0000,3239.5490000000004,3236.656,0.0075,0.02
24.03.2021 08:43:01.314 GMT-0000,3240.426,3236.5740000000005,0.02,0.02
24.03.2021 08:43:07.117 GMT-0000,3240.385,3239.5,0.0075,0.0075
24.03.2021 08:43:07.168 GMT-0000,3242,3239.82,0.02,0.02
24.03.2021 08:43:18.453 GMT-0000,3241.385,3236.451,0.02,0.02
24.03.2021 08:43:19.020 GMT-0000,3241.467,3238,0.02,0.0075
24.03.2021 08:43:20.095 GMT-0000,3241.221,3236.451,0.02,0.02
24.03.2021 08:43:26.323 GMT-0000,3240.221,3235.492,0.02,0.02
24.03.2021 08:43:26.374 GMT-0000,3241.508,3235.7790000000005,0.02,0.02
24.03.2021 08:43:27.294 GMT-0000,3240.221,3235.492,0.0075,0.02
24.03.2021 08:43:27.921 GMT-0000,3240.5490000000004,3236.7790000000005,0.02,0.0075
24.03.2021 08:43:30.637 GMT-0000,3240,3235.656,0.02,0.02
24.03.2021 08:43:35.296 GMT-0000,3240.221,3236.492,0.02,0.0075
24.03.2021 08:43:49.612 GMT-0000,3240.221,3237.656,0.02,0.0075
24.03.2021 08:44:08.170 GMT-0000,3242,3238.656,0.02,0.02
24.03.2021 08:44:08.221 GMT-0000,3244.426,3238.7790000000005,0.02,0.02
24.03.2021 08:44:08.271 GMT-0000,3244.262,3239.492,0.02,0.02
24.03.2021 08:44:08.428 GMT-0000,3242.467,3239.492,0.0075,0.02
24.03.2021 08:44:08.478 GMT-0000,3244.385,3239.6150000000002,0.02,0.02
24.03.2021 08:44:28.468 GMT-0000,3244.508,3241.5740000000005,0.0075,0.0075
24.03.2021 08:44:28.518 GMT-0000,3247.426,3241.697,0.02,0.02
24.03.2021 08:44:33.490 GMT-0000,3247.508,3242.6150000000002,0.02,0.0075
24.03.2021 08:44:33.591 GMT-0000,3248.1800000000003,3242.6150000000002,0.02,0.02
24.03.2021 08:44:34.641 GMT-0000,3247.1800000000003,3242.451,0.0075,0.0075
24.03.2021 08:44:34.691 GMT-0000,3247.221,3241.656,0.02,0.02
24.03.2021 08:44:34.931 GMT-0000,3246.3440000000005,3242.6150000000002,0.0075,0.0075
24.03.2021 08:44:35.162 GMT-0000,3247.262,3241.738,0.02,0.02
24.03.2021 08:44:36.309 GMT-0000,3246,3241.82,0.0075,0.02
24.03.2021 08:44:36.603 GMT-0000,3247.1800000000003,3241.533,0.02,0.02
24.03.2021 08:44:38.561 GMT-0000,3247.262,3243,0.02,0.0075
24.03.2021 08:44:38.661 GMT-0000,3247.3440000000005,3241.533,0.02,0.02
24.03.2021 08:44:38.712 GMT-0000,3247,3240.7790000000005,0.02,0.02
24.03.2021 08:44:51.502 GMT-0000,3247,3241.7790000000005,0.02,0.0075
24.03.2021 08:44:51.753 GMT-0000,3248.426,3242.7790000000005,0.02,0.02
24.03.2021 08:44:51.898 GMT-0000,3248.303,3243.82,0.02,0.02
24.03.2021 08:44:52.510 GMT-0000,3247,3243.533,0.02,0.02
24.03.2021 08:45:02.328 GMT-0000,3246.3440000000005,3243.697,0.02,0.02
24.03.2021 08:45:02.482 GMT-0000,3247.1800000000003,3243.451,0.02,0.02
24.03.2021 08:45:32.099 GMT-0000,3246,3243.738,0.02,0.02
24.03.2021 08:45:40.479 GMT-0000,3246.426,3241.5740000000005,0.02,0.02
24.03.2021 08:45:40.529 GMT-0000,3245.221,3241.738,0.02,0.02
24.03.2021 08:45:41.312 GMT-0000,3245.1800000000003,3242.5740000000005,0.02,0.0075
24.03.2021 08:45:43.823 GMT-0000,3245.467,3241.697,0.02,0.02
24.03.2021 08:45:44.118 GMT-0000,3245.5490000000004,3240.533,0.02,0.02
24.03.2021 08:45:44.212 GMT-0000,3245.303,3239.533,0.02,0.02
24.03.2021 08:45:44.640 GMT-0000,3245.3440000000005,3240.656,0.02,0.0075
24.03.2021 08:45:46.896 GMT-0000,3245.508,3241.5740000000005,0.02,0.0075
24.03.2021 08:45:50.124 GMT-0000,3245.467,3240.82,0.02,0.02
24.03.2021 08:45:51.924 GMT-0000,3245.1800000000003,3241.6150000000002,0.02,0.0075
24.03.2021 08:45:53.891 GMT-0000,3245.3440000000005,3239.697,0.02,0.02
24.03.2021 08:45:55.744 GMT-0000,3245.303,3241.82,0.02,0.0075
24.03.2021 08:46:00.103 GMT-0000,3244.221,3238.697,0.02,0.02
24.03.2021 08:46:02.450 GMT-0000,3243.5490000000004,3238.5740000000005,0.0075,0.02
24.03.2021 08:46:07.522 GMT-0000,3243.1800000000003,3237.697,0.02,0.02
24.03.2021 08:46:08.020 GMT-0000,3243.303,3239.656,0.02,0.0075
24.03.2021 08:46:09.428 GMT-0000,3243.303,3240.492,0.0075,0.0075
24.03.2021 08:46:09.478 GMT-0000,3244.221,3240.533,0.02,0.02
24.03.2021 08:46:09.776 GMT-0000,3245.262,3240.451,0.02,0.02
24.03.2021 08:46:13.088 GMT-0000,3245.303,3241.738,0.02,0.0075
24.03.2021 08:46:20.870 GMT-0000,3245.467,3242.451,0.02,0.02
24.03.2021 08:46:23.130 GMT-0000,3246.426,3242.697,0.02,0.02
24.03.2021 08:46:25.923 GMT-0000,3246.385,3243.656,0.02,0.02
24.03.2021 08:46:31.062 GMT-0000,3245.426,3243.451,0.0075,0.0075
24.03.2021 08:46:33.357 GMT-0000,3245.385,3241.738,0.02,0.02
24.03.2021 08:47:09.910 GMT-0000,3245.221,3244,0.02,0.0075
24.03.2021 08:47:12.206 GMT-0000,3245.426,3241.6150000000002,0.02,0.02
24.03.2021 08:47:13.845 GMT-0000,3245.303,3243.7790000000005,0.02,0.0075
24.03.2021 08:47:36.988 GMT-0000,3253.3440000000005,3247.697,0.02,0.02
24.03.2021 08:47:37.116 GMT-0000,3253.221,3248.5740000000005,0.02,0.0075
24.03.2021 08:47:37.166 GMT-0000,3254.508,3248.5740000000005,0.02,0.02
24.03.2021 08:47:37.946 GMT-0000,3254.385,3250.533,0.02,0.02
24.03.2021 08:47:39.041 GMT-0000,3253.3440000000005,3251,0.0075,0.0075
24.03.2021 08:47:39.091 GMT-0000,3253,3246.697,0.02,0.02
24.03.2021 08:47:39.285 GMT-0000,3253.303,3248,0.02,0.02
24.03.2021 08:47:39.485 GMT-0000,3252.467,3247.7790000000005,0.02,0.02
24.03.2021 08:47:40.274 GMT-0000,3252.262,3244.697,0.02,0.02
24.03.2021 08:47:41.201 GMT-0000,3252.221,3246.6150000000002,0.02,0.0075
24.03.2021 08:47:42.457 GMT-0000,3250.303,3246.697,0.0075,0.02
24.03.2021 08:47:46.058 GMT-0000,3248.467,3246.82,0.0075,0.0075
24.03.2021 08:47:46.108 GMT-0000,3246.426,3241.7790000000005,0.02,0.02
24.03.2021 08:47:47.576 GMT-0000,3246.467,3242.533,0.02,0.0075
24.03.2021 08:47:53.420 GMT-0000,3246.303,3243.656,0.0075,0.0075
24.03.2021 08:47:53.471 GMT-0000,3248.5490000000004,3243.7790000000005,0.02,0.02
24.03.2021 08:47:53.571 GMT-0000,3248.385,3244.451,0.02,0.02
24.03.2021 08:47:55.141 GMT-0000,3248.426,3245.492,0.02,0.02
24.03.2021 08:47:58.530 GMT-0000,3250.303,3245.82,0.02,0.02
24.03.2021 08:47:58.928 GMT-0000,3249.262,3245.738,0.02,0.02
24.03.2021 08:48:02.410 GMT-0000,3250,3245.82,0.02,0.02
24.03.2021 08:48:02.461 GMT-0000,3252.1800000000003,3247.7790000000005,0.02,0.02
24.03.2021 08:48:02.628 GMT-0000,3252.262,3249.738,0.02,0.02
24.03.2021 08:48:24.271 GMT-0000,3251.385,3245.451,0.02,0.02
24.03.2021 08:48:24.661 GMT-0000,3249.303,3245.738,0.0075,0.0075
24.03.2021 08:48:24.711 GMT-0000,3249.385,3244.492,0.02,0.02
24.03.2021 08:48:24.812 GMT-0000,3248.467,3244.6150000000002,0.0075,0.02
24.03.2021 08:48:29.954 GMT-0000,3248.262,3242.656,0.02,0.02
24.03.2021 08:48:32.514 GMT-0000,3248.221,3246,0.02,0.0075
24.03.2021 08:48:34.210 GMT-0000,3248.5490000000004,3242.533,0.02,0.02
24.03.2021 08:48:36.080 GMT-0000,3247.221,3242.5740000000005,0.0075,0.0075
24.03.2021 08:48:36.130 GMT-0000,3247.303,3241.5740000000005,0.02,0.02
24.03.2021 08:48:36.181 GMT-0000,3248.5490000000004,3241.5740000000005,0.02,0.02
24.03.2021 08:48:37.487 GMT-0000,3246.508,3241.492,0.0075,0.0075
24.03.2021 08:48:37.538 GMT-0000,3246.508,3239.697,0.02,0.02
24.03.2021 08:48:37.620 GMT-0000,3246.426,3240.7790000000005,0.0075,0.0075
24.03.2021 08:48:37.670 GMT-0000,3247.385,3240.82,0.02,0.02
24.03.2021 08:48:37.939 GMT-0000,3246.467,3240.82,0.02,0.02
24.03.2021 08:48:37.989 GMT-0000,3247.5490000000004,3240.82,0.02,0.02
24.03.2021 08:48:38.125 GMT-0000,3246.508,3240.533,0.02,0.02
24.03.2021 08:48:38.548 GMT-0000,3246.3440000000005,3239.7790000000005,0.02,0.02
24.03.2021 08:48:39.529 GMT-0000,3246.508,3241.697,0.02,0.0075
24.03.2021 08:48:40.102 GMT-0000,3245.426,3238.492,0.02,0.02
24.03.2021 08:48:41.081 GMT-0000,3245.3440000000005,3241,0.02,0.0075
24.03.2021 08:48:41.182 GMT-0000,3246.467,3240.656,0.02,0.02
24.03.2021 08:48:42.045 GMT-0000,3245.467,3240.533,0.0075,0.02
24.03.2021 08:48:42.620 GMT-0000,3244.467,3240.7790000000005,0.0075,0.0075
24.03.2021 08:48:42.670 GMT-0000,3244.426,3238.533,0.02,0.02
24.03.2021 08:48:43.568 GMT-0000,3244.5490000000004,3241,0.02,0.0075
24.03.2021 08:48:43.818 GMT-0000,3244.3440000000005,3238.7790000000005,0.02,0.02
24.03.2021 08:48:45.131 GMT-0000,3244,3239.492,0.02,0.0075
24.03.2021 08:48:45.181 GMT-0000,3244.426,3238.656,0.02,0.02
24.03.2021 08:48:45.346 GMT-0000,3243.467,3236.6150000000002,0.02,0.02
24.03.2021 08:48:45.957 GMT-0000,3243.221,3237.6150000000002,0.0075,0.0075
24.03.2021 08:48:46.007 GMT-0000,3244.5490000000004,3237.656,0.02,0.02
24.03.2021 08:48:46.736 GMT-0000,3244.426,3236.82,0.02,0.02
24.03.2021 08:48:48.157 GMT-0000,3243.262,3236.738,0.02,0.02
24.03.2021 08:48:49.327 GMT-0000,3243.3440000000005,3235.697,0.02,0.02
24.03.2021 08:48:49.649 GMT-0000,3243.508,3236.6150000000002,0.02,0.0075
24.03.2021 08:48:50.164 GMT-0000,3243.3440000000005,3235.5740000000005,0.02,0.02
24.03.2021 08:48:51.212 GMT-0000,3242.385,3235.738,0.0075,0.0075
24.03.2021 08:48:53.127 GMT-0000,3241,3236.656,0.02,0.02
24.03.2021 08:48:59.136 GMT-0000,3240.303,3236.5740000000005,0.0075,0.02
24.03.2021 08:49:00.832 GMT-0000,3239.467,3236.451,0.0075,0.02
24.03.2021 08:49:00.933 GMT-0000,3239,3234.82,0.02,0.02
24.03.2021 08:49:01.400 GMT-0000,3239.3440000000005,3233.82,0.02,0.02
24.03.2021 08:49:02.721 GMT-0000,3239.385,3232.7790000000005,0.02,0.02
24.03.2021 08:49:02.945 GMT-0000,3239.1800000000003,3233.7790000000005,0.02,0.02
24.03.2021 08:49:04.512 GMT-0000,3237.508,3232.738,0.02,0.02
24.03.2021 08:49:05.598 GMT-0000,3237.385,3234,0.02,0.0075
24.03.2021 08:49:08.585 GMT-0000,3237.1800000000003,3234.7790000000005,0.02,0.02
24.03.2021 08:49:08.762 GMT-0000,3237.5490000000004,3233.697,0.02,0.02
24.03.2021 08:49:10.652 GMT-0000,3237.3440000000005,3234.656,0.02,0.0075
24.03.2021 08:49:12.693 GMT-0000,3239.426,3235.738,0.02,0.02
24.03.2021 08:49:12.862 GMT-0000,3239.467,3236.697,0.02,0.02
24.03.2021 08:49:13.832 GMT-0000,3238.262,3236.697,0.02,0.0075
24.03.2021 08:49:13.882 GMT-0000,3238.262,3234.6150000000002,0.02,0.02
24.03.2021 08:49:14.737 GMT-0000,3239.508,3234.533,0.02,0.02
24.03.2021 08:49:17.546 GMT-0000,3239.1800000000003,3236,0.02,0.02
24.03.2021 08:49:20.624 GMT-0000,3239.303,3236.451,0.02,0.0075
24.03.2021 08:49:25.117 GMT-0000,3240.1800000000003,3237.738,0.02,0.02
24.03.2021 08:49:25.168 GMT-0000,3242.303,3237.656,0.02,0.02
24.03.2021 08:49:25.232 GMT-0000,3242.426,3236.82,0.02,0.02
24.03.2021 08:49:27.137 GMT-0000,3240.426,3236.82,0.02,0.02
24.03.2021 08:49:27.848 GMT-0000,3239.385,3236.533,0.0075,0.02
24.03.2021 08:49:34.228 GMT-0000,3239.467,3237.7790000000005,0.0075,0.0075
24.03.2021 08:49:34.278 GMT-0000,3240.221,3237.533,0.02,0.02
24.03.2021 08:49:34.329 GMT-0000,3240.467,3236.7790000000005,0.02,0.02
24.03.2021 08:49:38.470 GMT-0000,3241.5490000000004,3237.492,0.02,0.02
24.03.2021 08:49:38.612 GMT-0000,3240.426,3237.5740000000005,0.02,0.02
24.03.2021 08:49:39.878 GMT-0000,3239.5490000000004,3236.6150000000002,0.02,0.02
24.03.2021 08:49:40.062 GMT-0000,3241.262,3236.451,0.02,0.02
24.03.2021 08:49:40.188 GMT-0000,3240.426,3236.697,0.0075,0.02
24.03.2021 08:49:42.396 GMT-0000,3239.5490000000004,3236.5740000000005,0.0075,0.02
24.03.2021 08:49:42.701 GMT-0000,3243.467,3239.5740000000005,0.02,0.02
24.03.2021 08:49:56.719 GMT-0000,3242,3239.738,0.02,0.02
24.03.2021 08:49:56.869 GMT-0000,3243.385,3241.5740000000005,0.02,0.02
24.03.2021 08:50:06.926 GMT-0000,3244,3241.533,0.02,0.02
24.03.2021 08:50:42.113 GMT-0000,3246.508,3242.6150000000002,0.02,0.02
24.03.2021 08:50:42.216 GMT-0000,3247.262,3242.697,0.02,0.02
24.03.2021 08:50:43.504 GMT-0000,3247.508,3243.697,0.02,0.0075
24.03.2021 08:51:39.546 GMT-0000,3245.508,3241.492,0.02,0.02
24.03.2021 08:51:52.075 GMT-0000,3245.262,3240.533,0.02,0.02
24.03.2021 08:51:53.198 GMT-0000,3244.262,3240.7790000000005,0.0075,0.02
24.03.2021 08:51:53.299 GMT-0000,3244.426,3240,0.02,0.02
24.03.2021 08:51:54.270 GMT-0000,3244.385,3241.492,0.02,0.0075
24.03.2021 08:51:54.320 GMT-0000,3244.385,3239.656,0.02,0.02
24.03.2021 08:51:54.736 GMT-0000,3244.385,3241.82,0.02,0.0075
24.03.2021 08:52:04.721 GMT-0000,3244.385,3239.533,0.02,0.02
24.03.2021 08:52:07.649 GMT-0000,3243.467,3239.492,0.0075,0.0075
24.03.2021 08:52:07.699 GMT-0000,3243.5490000000004,3239,0.02,0.02
24.03.2021 08:52:08.619 GMT-0000,3246,3243.451,0.02,0.02
24.03.2021 08:52:09.028 GMT-0000,3245.3440000000005,3243.451,0.0075,0.02
24.03.2021 08:52:09.078 GMT-0000,3247.508,3244,0.02,0.02
24.03.2021 08:52:09.620 GMT-0000,3246.467,3243.7790000000005,0.0075,0.02
24.03.2021 08:52:09.720 GMT-0000,3247.262,3243.451,0.02,0.02
24.03.2021 08:52:10.616 GMT-0000,3246.262,3243.533,0.0075,0.02
24.03.2021 08:52:13.669 GMT-0000,3246.262,3241.738,0.02,0.02
24.03.2021 08:52:13.720 GMT-0000,3246.3440000000005,3243.6150000000002,0.02,0.02
24.03.2021 08:52:50.495 GMT-0000,3246.262,3244.533,0.02,0.02
24.03.2021 08:53:17.605 GMT-0000,3246.5490000000004,3243.656,0.02,0.02
24.03.2021 08:53:18.095 GMT-0000,3245.385,3243.5740000000005,0.0075,0.02
24.03.2021 08:53:50.094 GMT-0000,3245.262,3241.6150000000002,0.02,0.02
24.03.2021 08:53:53.554 GMT-0000,3244.385,3241.492,0.02,0.02
24.03.2021 08:54:02.767 GMT-0000,3244.5490000000004,3239.492,0.02,0.02
24.03.2021 08:54:04.100 GMT-0000,3244.385,3241.82,0.02,0.0075
24.03.2021 08:54:04.851 GMT-0000,3242.426,3241.82,0.0075,0.0075
24.03.2021 08:54:04.901 GMT-0000,3242.5490000000004,3238.492,0.02,0.02
24.03.2021 08:54:04.968 GMT-0000,3242.467,3236.492,0.02,0.02
24.03.2021 08:54:05.094 GMT-0000,3242.426,3238.492,0.02,0.02
24.03.2021 08:54:07.711 GMT-0000,3241.1800000000003,3238.82,0.02,0.02
24.03.2021 08:54:08.832 GMT-0000,3240,3238.656,0.0075,0.02
24.03.2021 08:54:45.782 GMT-0000,3240.5,3239.451,0.0075,0.0075
24.03.2021 08:54:45.833 GMT-0000,3240,3235.656,0.02,0.02
24.03.2021 08:54:45.883 GMT-0000,3240.303,3236.7790000000005,0.02,0.02
24.03.2021 08:54:45.933 GMT-0000,3240.385,3235.697,0.02,0.02
24.03.2021 08:54:46.678 GMT-0000,3240,3236.7790000000005,0.02,0.0075
24.03.2021 08:54:51.739 GMT-0000,3240.1800000000003,3237.656,0.02,0.02
24.03.2021 08:55:04.090 GMT-0000,3240.303,3236.533,0.02,0.02
24.03.2021 08:55:04.140 GMT-0000,3240,3237.451,0.02,0.02
24.03.2021 08:55:08.291 GMT-0000,3244.221,3239.656,0.02,0.02
24.03.2021 08:55:08.521 GMT-0000,3245.3440000000005,3239.5740000000005,0.02,0.02
24.03.2021 08:55:08.571 GMT-0000,3245.262,3241.451,0.02,0.02
24.03.2021 08:55:12.548 GMT-0000,3246.303,3242,0.02,0.02
24.03.2021 08:55:12.598 GMT-0000,3246.5490000000004,3243.451,0.02,0.02
24.03.2021 08:55:13.670 GMT-0000,3247.221,3243.697,0.02,0.02
24.03.2021 08:55:14.926 GMT-0000,3246.262,3241.533,0.02,0.02
24.03.2021 08:55:15.752 GMT-0000,3245.1800000000003,3241.7790000000005,0.0075,0.02
24.03.2021 08:55:45.816 GMT-0000,3244.262,3242,0.0075,0.0075
24.03.2021 08:55:45.866 GMT-0000,3244.5490000000004,3239.656,0.02,0.02
24.03.2021 08:55:46.843 GMT-0000,3244.3440000000005,3238.492,0.02,0.02
24.03.2021 08:55:46.894 GMT-0000,3244.385,3239.82,0.02,0.02
24.03.2021 08:55:47.964 GMT-0000,3244.303,3239,0.02,0.02
24.03.2021 08:55:48.451 GMT-0000,3243,3238.533,0.02,0.02
24.03.2021 08:56:07.472 GMT-0000,3243.3440000000005,3239.451,0.0075,0.0075
24.03.2021 08:56:07.572 GMT-0000,3244.221,3239.533,0.02,0.02
24.03.2021 08:56:08.580 GMT-0000,3244.385,3240.5740000000005,0.02,0.0075
24.03.2021 08:56:12.886 GMT-0000,3243.426,3240.656,0.02,0.02
24.03.2021 08:56:18.096 GMT-0000,3243.221,3239,0.02,0.02
24.03.2021 08:56:18.552 GMT-0000,3242.262,3239,0.0075,0.02
24.03.2021 08:56:37.948 GMT-0000,3243.1800000000003,3240.82,0.02,0.02
24.03.2021 08:56:39.838 GMT-0000,3242.467,3240.738,0.0075,0.02
24.03.2021 08:57:03.733 GMT-0000,3242.221,3238.738,0.02,0.02
24.03.2021 08:57:03.784 GMT-0000,3242.426,3239.738,0.02,0.02
24.03.2021 08:57:04.079 GMT-0000,3242.1800000000003,3238.82,0.02,0.02
24.03.2021 08:57:06.829 GMT-0000,3241.221,3238.7790000000005,0.0075,0.02
24.03.2021 08:57:08.794 GMT-0000,3244.5490000000004,3238.738,0.02,0.02
24.03.2021 08:57:08.845 GMT-0000,3243,3238.7790000000005,0.02,0.02
24.03.2021 08:57:12.849 GMT-0000,3243.385,3239.492,0.02,0.0075
24.03.2021 08:57:15.066 GMT-0000,3241.262,3237.738,0.02,0.02
24.03.2021 08:57:15.116 GMT-0000,3241,3236.738,0.02,0.02
24.03.2021 08:57:15.680 GMT-0000,3241.3440000000005,3238.656,0.02,0.0075
24.03.2021 08:57:33.939 GMT-0000,3240.303,3237.656,0.02,0.02
24.03.2021 08:58:04.944 GMT-0000,3240.3440000000005,3238.697,0.0075,0.0075
24.03.2021 08:58:04.995 GMT-0000,3242.3440000000005,3238.697,0.02,0.02
24.03.2021 08:58:05.045 GMT-0000,3242.385,3239.451,0.02,0.02
24.03.2021 08:58:05.225 GMT-0000,3243.426,3240,0.02,0.02
24.03.2021 08:58:09.914 GMT-0000,3243.262,3241,0.02,0.0075
24.03.2021 08:58:20.478 GMT-0000,3244.467,3240.533,0.02,0.02
24.03.2021 08:58:20.528 GMT-0000,3245.1800000000003,3242.656,0.02,0.02
24.03.2021 08:58:23.335 GMT-0000,3246.508,3242.492,0.02,0.02
24.03.2021 08:59:03.393 GMT-0000,3245.385,3242.533,0.02,0.02
24.03.2021 08:59:03.717 GMT-0000,3246.508,3242.697,0.02,0.02
24.03.2021 08:59:05.229 GMT-0000,3245.467,3242.738,0.0075,0.02
24.03.2021 08:59:05.880 GMT-0000,3245.262,3243.6150000000002,0.0075,0.0075
24.03.2021 08:59:05.931 GMT-0000,3247.1800000000003,3242.492,0.02,0.02
24.03.2021 08:59:05.981 GMT-0000,3247.385,3243.451,0.02,0.02
24.03.2021 08:59:08.355 GMT-0000,3245.467,3243.7790000000005,0.0075,0.02
24.03.2021 08:59:31.733 GMT-0000,3246,3244.82,0.02,0.02
24.03.2021 08:59:31.783 GMT-0000,3247.3440000000005,3244.533,0.02,0.02
24.03.2021 08:59:31.834 GMT-0000,3249.221,3244.533,0.02,0.02
24.03.2021 08:59:33.366 GMT-0000,3248,3244.492,0.0075,0.02
24.03.2021 08:59:50.152 GMT-0000,3248.385,3245.82,0.02,0.0075
24.03.2021 09:00:15.255 GMT-0000,3248.426,3244.82,0.02,0.02
24.03.2021 09:00:17.715 GMT-0000,3248.1800000000003,3243.7790000000005,0.02,0.02
24.03.2021 09:00:18.616 GMT-0000,3248.467,3243,0.02,0.02
24.03.2021 09:00:19.663 GMT-0000,3248.508,3243.738,0.02,0.0075
24.03.2021 09:00:28.016 GMT-0000,3247.467,3243.533,0.0075,0.02
24.03.2021 09:00:55.465 GMT-0000,3246.3440000000005,3243.656,0.0075,0.0075
24.03.2021 09:00:55.515 GMT-0000,3247.1800000000003,3241.82,0.02,0.02
24.03.2021 09:00:55.632 GMT-0000,3246.508,3242,0.0075,0.02
24.03.2021 09:00:57.533 GMT-0000,3246.3440000000005,3240.451,0.02,0.02
24.03.2021 09:00:58.028 GMT-0000,3244.426,3240.738,0.02,0.02
24.03.2021 09:01:00.517 GMT-0000,3243.385,3240.533,0.0075,0.02
24.03.2021 09:01:07.612 GMT-0000,3243,3238.451,0.02,0.02
24.03.2021 09:01:10.803 GMT-0000,3243.5490000000004,3240.533,0.02,0.0075
24.03.2021 09:01:10.996 GMT-0000,3245.303,3241,0.02,0.02
24.03.2021 09:01:11.047 GMT-0000,3245,3242,0.02,0.02
24.03.2021 09:01:20.528 GMT-0000,3245.467,3242.533,0.02,0.0075
24.03.2021 09:01:20.729 GMT-0000,3245.303,3240.82,0.02,0.02
24.03.2021 09:01:20.927 GMT-0000,3244.1800000000003,3240.533,0.0075,0.02
24.03.2021 09:01:21.824 GMT-0000,3244.221,3241.533,0.02,0.0075
24.03.2021 09:01:25.816 GMT-0000,3245.467,3241.5740000000005,0.02,0.02
24.03.2021 09:01:28.440 GMT-0000,3245.303,3242.7790000000005,0.02,0.0075
24.03.2021 09:01:35.351 GMT-0000,3244.508,3242.7790000000005,0.02,0.02
24.03.2021 09:01:37.201 GMT-0000,3244.508,3242,0.02,0.02
24.03.2021 09:01:37.793 GMT-0000,3244.467,3239.697,0.02,0.02
24.03.2021 09:01:53.506 GMT-0000,3243.3440000000005,3239.6150000000002,0.0075,0.02
24.03.2021 09:01:54.121 GMT-0000,3242.426,3238.5740000000005,0.02,0.02
24.03.2021 09:01:55.637 GMT-0000,3242.1800000000003,3240.6150000000002,0.02,0.02
24.03.2021 09:01:56.079 GMT-0000,3243.3440000000005,3240.6150000000002,0.02,0.02
24.03.2021 09:01:58.616 GMT-0000,3242,3240.492,0.0075,0.02
24.03.2021 09:02:26.196 GMT-0000,3242.385,3237.738,0.02,0.02
24.03.2021 09:02:28.561 GMT-0000,3241.426,3238,0.0075,0.02
24.03.2021 09:02:29.256 GMT-0000,3241.467,3238.6150000000002,0.02,0.0075
24.03.2021 09:03:06.390 GMT-0000,3241.221,3235.6150000000002,0.02,0.02
24.03.2021 09:03:27.467 GMT-0000,3239.508,3235.82,0.02,0.02
24.03.2021 09:03:38.026 GMT-0000,3239.1800000000003,3237.656,0.0075,0.0075
24.03.2021 09:03:38.076 GMT-0000,3241.5490000000004,3237.533,0.02,0.02
24.03.2021 09:03:48.700 GMT-0000,3241.1800000000003,3238.7790000000005,0.02,0.0075
24.03.2021 09:03:54.354 GMT-0000,3242.467,3238.7790000000005,0.02,0.02
24.03.2021 09:04:19.888 GMT-0000,3240.221,3238.7790000000005,0.0075,0.02
24.03.2021 09:04:30.575 GMT-0000,3242.1800000000003,3237.451,0.02,0.02
24.03.2021 09:04:30.625 GMT-0000,3242.221,3238.82,0.02,0.02
24.03.2021 09:04:44.134 GMT-0000,3241.303,3238.697,0.0075,0.02
24.03.2021 09:04:52.124 GMT-0000,3240.221,3238.533,0.0075,0.0075
24.03.2021 09:04:52.174 GMT-0000,3240.467,3235.6150000000002,0.02,0.02
24.03.2021 09:04:52.283 GMT-0000,3241.385,3236,0.02,0.02
24.03.2021 09:04:53.171 GMT-0000,3241.508,3236.5740000000005,0.02,0.0075
24.03.2021 09:04:55.126 GMT-0000,3241.508,3235.6150000000002,0.02,0.02
24.03.2021 09:04:55.530 GMT-0000,3241.221,3236.533,0.02,0.0075
24.03.2021 09:04:57.018 GMT-0000,3241.426,3235.6150000000002,0.02,0.02
24.03.2021 09:04:57.841 GMT-0000,3241.385,3236.533,0.02,0.0075
24.03.2021 09:04:58.202 GMT-0000,3241.426,3235.738,0.02,0.02
24.03.2021 09:04:58.739 GMT-0000,3240.3440000000005,3238.7790000000005,0.0075,0.0075
24.03.2021 09:04:58.839 GMT-0000,3240.3440000000005,3236.82,0.02,0.02
24.03.2021 09:05:03.496 GMT-0000,3240.426,3237.7790000000005,0.0075,0.0075
24.03.2021 09:05:03.546 GMT-0000,3241.1800000000003,3236.738,0.02,0.02
24.03.2021 09:05:03.596 GMT-0000,3241.303,3237.6150000000002,0.02,0.02
24.03.2021 09:05:09.403 GMT-0000,3241,3236.738,0.02,0.02
24.03.2021 09:05:09.884 GMT-0000,3241.426,3237.533,0.02,0.0075
24.03.2021 09:05:12.179 GMT-0000,3241.426,3236.5740000000005,0.02,0.02
24.03.2021 09:05:17.051 GMT-0000,3240.385,3235.5740000000005,0.02,0.02
24.03.2021 09:05:18.053 GMT-0000,3239.262,3235.492,0.0075,0.0075
24.03.2021 09:05:18.104 GMT-0000,3239.1800000000003,3233.451,0.02,0.02
24.03.2021 09:05:18.353 GMT-0000,3238.3440000000005,3233.451,0.0075,0.02
24.03.2021 09:05:20.037 GMT-0000,3238.262,3234.7790000000005,0.02,0.0075
24.03.2021 09:05:23.437 GMT-0000,3238.1800000000003,3232.7790000000005,0.02,0.02
24.03.2021 09:05:23.931 GMT-0000,3236.426,3232.533,0.0075,0.02
24.03.2021 09:05:23.981 GMT-0000,3236.221,3231.492,0.02,0.02
24.03.2021 09:05:36.163 GMT-0000,3236,3232.451,0.02,0.0075
24.03.2021 09:05:40.870 GMT-0000,3237.3440000000005,3232.5740000000005,0.02,0.02
24.03.2021 09:05:42.824 GMT-0000,3236.3440000000005,3232.7790000000005,0.0075,0.02
24.03.2021 09:05:46.305 GMT-0000,3236.426,3233.738,0.02,0.0075
24.03.2021 09:05:47.744 GMT-0000,3236.262,3234.82,0.0075,0.0075
24.03.2021 09:05:47.795 GMT-0000,3238.221,3233.656,0.02,0.02
24.03.2021 09:05:54.528 GMT-0000,3238.303,3235.6150000000002,0.02,0.02
24.03.2021 09:06:01.543 GMT-0000,3240.221,3236.533,0.02,0.02
24.03.2021 09:06:01.593 GMT-0000,3241.5490000000004,3237.7790000000005,0.02,0.02
24.03.2021 09:06:01.694 GMT-0000,3242,3237.5740000000005,0.02,0.02
24.03.2021 09:06:04.028 GMT-0000,3241,3237.451,0.02,0.02
24.03.2021 09:06:05.951 GMT-0000,3242.508,3237.533,0.02,0.02
24.03.2021 09:06:09.146 GMT-0000,3243.5490000000004,3237.7790000000005,0.02,0.02
24.03.2021 09:06:09.668 GMT-0000,3242.303,3237.6150000000002,0.0075,0.02
24.03.2021 09:06:18.375 GMT-0000,3243.303,3237.533,0.02,0.02
24.03.2021 09:06:18.628 GMT-0000,3242.303,3237.82,0.0075,0.02
24.03.2021 09:06:20.335 GMT-0000,3241.426,3237.82,0.0075,0.02
24.03.2021 09:06:20.616 GMT-0000,3241.426,3238.7790000000005,0.0075,0.0075
24.03.2021 09:06:20.666 GMT-0000,3245.303,3239.82,0.02,0.02
24.03.2021 09:06:20.908 GMT-0000,3245.385,3240.492,0.02,0.0075
24.03.2021 09:06:22.039 GMT-0000,3246.303,3240.656,0.02,0.02
24.03.2021 09:06:23.669 GMT-0000,3244.426,3240,0.02,0.02
24.03.2021 09:06:23.876 GMT-0000,3244.426,3241.533,0.0075,0.0075
24.03.2021 09:06:23.926 GMT-0000,3245.508,3241.451,0.02,0.02
24.03.2021 09:06:24.901 GMT-0000,3244.303,3241.738,0.02,0.02
24.03.2021 09:06:24.951 GMT-0000,3245.467,3241.697,0.02,0.02
24.03.2021 09:06:43.368 GMT-0000,3245.1800000000003,3242.656,0.0075,0.0075
24.03.2021 09:06:43.419 GMT-0000,3247.508,3242.533,0.02,0.02
24.03.2021 09:06:43.469 GMT-0000,3246.3440000000005,3243,0.02,0.02
24.03.2021 09:06:44.845 GMT-0000,3246.467,3243.82,0.02,0.0075
24.03.2021 09:06:48.095 GMT-0000,3247.221,3243.7790000000005,0.02,0.02
24.03.2021 09:06:48.478 GMT-0000,3247.508,3244.7790000000005,0.02,0.0075
24.03.2021 09:06:50.506 GMT-0000,3247.3440000000005,3243.533,0.02,0.02
24.03.2021 09:06:50.873 GMT-0000,3247.385,3241.492,0.02,0.02
24.03.2021 09:06:51.909 GMT-0000,3247.262,3244.738,0.02,0.02
24.03.2021 09:07:04.616 GMT-0000,3249,3244.82,0.02,0.02
24.03.2021 09:07:04.666 GMT-0000,3249.385,3245.82,0.02,0.02
24.03.2021 09:07:04.827 GMT-0000,3250.262,3245.82,0.02,0.02
24.03.2021 09:07:05.074 GMT-0000,3249.3440000000005,3245.492,0.02,0.02
24.03.2021 09:07:18.770 GMT-0000,3248.262,3245.492,0.02,0.02
24.03.2021 09:07:20.308 GMT-0000,3249,3246.697,0.02,0.02
24.03.2021 09:07:20.470 GMT-0000,3248.467,3246.738,0.02,0.02
24.03.2021 09:07:20.520 GMT-0000,3249.262,3246.451,0.02,0.02
24.03.2021 09:07:30.433 GMT-0000,3249.1800000000003,3245.5740000000005,0.02,0.02
24.03.2021 09:07:31.079 GMT-0000,3249.385,3244.492,0.02,0.02
24.03.2021 09:07:31.740 GMT-0000,3249.1800000000003,3246.697,0.0075,0.0075
24.03.2021 09:07:31.790 GMT-0000,3251.3440000000005,3247.533,0.02,0.02
24.03.2021 09:07:31.890 GMT-0000,3249.5490000000004,3247.451,0.02,0.02
24.03.2021 09:07:32.776 GMT-0000,3251.3440000000005,3247.5740000000005,0.02,0.02
24.03.2021 09:07:32.983 GMT-0000,3252.508,3247.697,0.02,0.02
24.03.2021 09:07:33.049 GMT-0000,3250.3440000000005,3248,0.0075,0.02
24.03.2021 09:07:34.702 GMT-0000,3250.467,3249,0.02,0.0075
24.03.2021 09:07:35.887 GMT-0000,3251.467,3248.82,0.02,0.02
24.03.2021 09:07:37.765 GMT-0000,3251.262,3249.492,0.02,0.0075
24.03.2021 09:07:37.934 GMT-0000,3254.467,3249.5740000000005,0.02,0.02
24.03.2021 09:07:38.424 GMT-0000,3254,3250.82,0.02,0.0075
24.03.2021 09:07:39.974 GMT-0000,3252.3440000000005,3250.738,0.02,0.0075
24.03.2021 09:07:47.363 GMT-0000,3252.467,3247.82,0.02,0.02
24.03.2021 09:07:47.429 GMT-0000,3252.262,3249.6150000000002,0.02,0.0075
24.03.2021 09:07:56.916 GMT-0000,3252.25,3251.5740000000005,0.0075,0.0075
24.03.2021 09:07:56.966 GMT-0000,3255.467,3252.533,0.02,0.02
24.03.2021 09:07:57.066 GMT-0000,3256.385,3250.533,0.02,0.02
24.03.2021 09:07:57.117 GMT-0000,3255.221,3253,0.02,0.02
24.03.2021 09:07:57.258 GMT-0000,3255.221,3251,0.02,0.02
24.03.2021 09:07:58.053 GMT-0000,3255.303,3252.738,0.02,0.02
24.03.2021 09:08:03.516 GMT-0000,3254.262,3249.697,0.02,0.02
24.03.2021 09:08:05.310 GMT-0000,3253.1800000000003,3249.492,0.0075,0.02
24.03.2021 09:08:05.360 GMT-0000,3253.3440000000005,3247.451,0.02,0.02
24.03.2021 09:08:05.410 GMT-0000,3252.508,3247.6150000000002,0.02,0.02
24.03.2021 09:08:05.697 GMT-0000,3252,3249.697,0.02,0.0075
24.03.2021 09:08:17.719 GMT-0000,3252.262,3250.656,0.0075,0.0075
24.03.2021 09:08:17.769 GMT-0000,3254,3250.7790000000005,0.02,0.02
24.03.2021 09:08:17.892 GMT-0000,3252,3249.6150000000002,0.02,0.02
24.03.2021 09:08:22.550 GMT-0000,3252.3440000000005,3250.492,0.0075,0.0075
24.03.2021 09:08:22.600 GMT-0000,3254.467,3251,0.02,0.02
24.03.2021 09:08:24.062 GMT-0000,3254.221,3251.6150000000002,0.02,0.0075
24.03.2021 09:08:37.693 GMT-0000,3254.508,3252.697,0.0075,0.0075
24.03.2021 09:08:37.744 GMT-0000,3257.508,3253.6150000000002,0.02,0.02
24.03.2021 09:08:38.496 GMT-0000,3256.508,3253.533,0.02,0.02
24.03.2021 09:08:45.491 GMT-0000,3256.303,3252,0.02,0.02
24.03.2021 09:08:45.555 GMT-0000,3255.262,3251.5740000000005,0.0075,0.02
24.03.2021 09:08:46.118 GMT-0000,3255.508,3253.5740000000005,0.02,0.02
24.03.2021 09:08:47.363 GMT-0000,3256.508,3253.7790000000005,0.02,0.02
24.03.2021 09:08:47.705 GMT-0000,3255.3440000000005,3251.5740000000005,0.02,0.02
24.03.2021 09:08:47.919 GMT-0000,3256.508,3251.697,0.02,0.02
24.03.2021 09:08:47.969 GMT-0000,3255,3251.82,0.02,0.02
24.03.2021 09:08:52.424 GMT-0000,3255.1800000000003,3252.5740000000005,0.02,0.02
24.03.2021 09:09:04.508 GMT-0000,3255.303,3254,0.0075,0.0075
24.03.2021 09:09:04.558 GMT-0000,3257.426,3253.6150000000002,0.02,0.02
24.03.2021 09:09:04.670 GMT-0000,3258.1800000000003,3253.82,0.02,0.02
24.03.2021 09:09:05.449 GMT-0000,3258,3252.697,0.02,0.02
24.03.2021 09:09:05.499 GMT-0000,3257.3440000000005,3252.82,0.02,0.02
24.03.2021 09:09:05.829 GMT-0000,3256.303,3253,0.0075,0.02
24.03.2021 09:09:06.458 GMT-0000,3256,3253.656,0.02,0.0075
24.03.2021 09:09:06.558 GMT-0000,3256.1800000000003,3252.7790000000005,0.02,0.02
24.03.2021 09:09:07.313 GMT-0000,3256.508,3253.6150000000002,0.02,0.0075
24.03.2021 09:09:54.679 GMT-0000,3256.3440000000005,3254.656,0.0075,0.0075
24.03.2021 09:09:54.729 GMT-0000,3257.426,3254.697,0.02,0.02
24.03.2021 09:09:54.878 GMT-0000,3257.1800000000003,3253.697,0.02,0.02
24.03.2021 09:09:56.353 GMT-0000,3257.467,3254.5740000000005,0.0075,0.0075
24.03.2021 09:09:56.403 GMT-0000,3259.5490000000004,3254.738,0.02,0.02
24.03.2021 09:09:56.632 GMT-0000,3260.5490000000004,3256.492,0.0075,0.0075
24.03.2021 09:09:56.682 GMT-0000,3261.385,3256.6150000000002,0.02,0.02
24.03.2021 09:09:56.733 GMT-0000,3260.221,3256.82,0.02,0.02
24.03.2021 09:10:01.345 GMT-0000,3260.5490000000004,3257.533,0.0075,0.0075
24.03.2021 09:10:01.395 GMT-0000,3261.508,3257.656,0.02,0.02
24.03.2021 09:10:01.594 GMT-0000,3261.221,3256.656,0.02,0.02
24.03.2021 09:10:01.645 GMT-0000,3260.1800000000003,3256.533,0.02,0.02
24.03.2021 09:10:01.865 GMT-0000,3260.221,3257.656,0.02,0.0075
24.03.2021 09:10:04.645 GMT-0000,3260.5490000000004,3258.738,0.02,0.0075
24.03.2021 09:10:05.870 GMT-0000,3261.5490000000004,3258.7790000000005,0.02,0.02
24.03.2021 09:10:08.472 GMT-0000,3260.5490000000004,3258.451,0.0075,0.02
24.03.2021 09:10:10.303 GMT-0000,3260.3440000000005,3257.5740000000005,0.02,0.02
24.03.2021 09:10:19.041 GMT-0000,3260.262,3258.82,0.02,0.02
24.03.2021 09:10:21.083 GMT-0000,3262.303,3258.451,0.02,0.02
24.03.2021 09:10:21.536 GMT-0000,3262.3440000000005,3260,0.02,0.0075
24.03.2021 09:10:21.696 GMT-0000,3262.5490000000004,3258.5740000000005,0.02,0.02
24.03.2021 09:10:28.846 GMT-0000,3262.221,3257.82,0.02,0.02
24.03.2021 09:10:36.890 GMT-0000,3261.1800000000003,3257.6150000000002,0.02,0.02
24.03.2021 09:10:41.718 GMT-0000,3260.221,3258.492,0.0075,0.0075
24.03.2021 09:10:41.769 GMT-0000,3261.5490000000004,3258.451,0.02,0.02
24.03.2021 09:10:41.886 GMT-0000,3261.303,3257.533,0.02,0.02
24.03.2021 09:10:41.937 GMT-0000,3262.3440000000005,3257.451,0.02,0.02
24.03.2021 09:10:44.096 GMT-0000,3262.1800000000003,3259.5740000000005,0.02,0.0075
24.03.2021 09:10:48.227 GMT-0000,3262.1800000000003,3260.738,0.0075,0.0075
24.03.2021 09:10:48.278 GMT-0000,3264,3261.738,0.02,0.02
24.03.2021 09:10:49.103 GMT-0000,3265,3259.533,0.02,0.02
24.03.2021 09:10:58.616 GMT-0000,3265.5490000000004,3261.82,0.0075,0.0075
24.03.2021 09:10:58.666 GMT-0000,3266.5490000000004,3261.5740000000005,0.02,0.02
24.03.2021 09:11:08.465 GMT-0000,3266.508,3263,0.02,0.0075
24.03.2021 09:11:10.515 GMT-0000,3267.385,3262.6150000000002,0.02,0.02
24.03.2021 09:11:10.624 GMT-0000,3266.262,3262.738,0.0075,0.02
24.03.2021 09:11:16.899 GMT-0000,3265.385,3262.6150000000002,0.0075,0.02
24.03.2021 09:11:25.274 GMT-0000,3265.467,3263.5740000000005,0.02,0.0075
24.03.2021 09:11:25.691 GMT-0000,3267.3440000000005,3263.6150000000002,0.02,0.02
24.03.2021 09:11:31.054 GMT-0000,3266.303,3263.492,0.0075,0.0075
24.03.2021 09:11:31.104 GMT-0000,3267.221,3262.6150000000002,0.02,0.02
24.03.2021 09:11:31.217 GMT-0000,3266.508,3262.82,0.02,0.02
24.03.2021 09:11:31.317 GMT-0000,3267.426,3262.451,0.02,0.02
24.03.2021 09:11:31.428 GMT-0000,3267.262,3264.451,0.02,0.0075
24.03.2021 09:11:31.528 GMT-0000,3267.1800000000003,3262.82,0.02,0.02
24.03.2021 09:11:32.501 GMT-0000,3267.5490000000004,3264.6150000000002,0.02,0.02
24.03.2021 09:11:40.400 GMT-0000,3267.303,3265.82,0.02,0.0075
24.03.2021 09:11:40.500 GMT-0000,3267.426,3264.697,0.02,0.02
24.03.2021 09:11:41.083 GMT-0000,3267.303,3265.697,0.02,0.0075
24.03.2021 09:11:43.285 GMT-0000,3270.385,3266.5740000000005,0.02,0.02
24.03.2021 09:11:43.336 GMT-0000,3269.426,3267,0.02,0.02
24.03.2021 09:11:50.261 GMT-0000,3269.3440000000005,3267.7790000000005,0.0075,0.0075
24.03.2021 09:11:50.311 GMT-0000,3271.303,3267.7790000000005,0.02,0.02
24.03.2021 09:11:50.420 GMT-0000,3271.3440000000005,3266.492,0.02,0.02
24.03.2021 09:11:53.248 GMT-0000,3271.221,3267.656,0.02,0.02
24.03.2021 09:11:55.233 GMT-0000,3271.303,3268.697,0.0075,0.0075
24.03.2021 09:11:55.283 GMT-0000,3274.221,3268.656,0.02,0.02
24.03.2021 09:12:00.263 GMT-0000,3274.426,3271,0.02,0.0075
24.03.2021 09:12:00.364 GMT-0000,3275.1800000000003,3268.533,0.02,0.02
24.03.2021 09:12:00.541 GMT-0000,3275.303,3269.697,0.02,0.0075
24.03.2021 09:12:00.642 GMT-0000,3274.262,3269.738,0.02,0.02
24.03.2021 09:12:00.833 GMT-0000,3274.3440000000005,3271.82,0.02,0.0075
24.03.2021 09:12:05.253 GMT-0000,3274.5490000000004,3272.451,0.02,0.02
24.03.2021 09:12:06.336 GMT-0000,3274.262,3271.492,0.02,0.02
24.03.2021 09:12:06.530 GMT-0000,3276,3271.697,0.02,0.02
24.03.2021 09:12:10.239 GMT-0000,3276.467,3273.6150000000002,0.0075,0.0075
24.03.2021 09:12:10.289 GMT-0000,3278.508,3273.451,0.02,0.02
24.03.2021 09:12:10.423 GMT-0000,3278.303,3272.7790000000005,0.02,0.02
24.03.2021 09:12:11.024 GMT-0000,3277.385,3273,0.0075,0.02
24.03.2021 09:12:18.096 GMT-0000,3277.221,3275,0.02,0.0075
24.03.2021 09:12:18.279 GMT-0000,3277.262,3272.82,0.02,0.02
24.03.2021 09:12:18.976 GMT-0000,3278.5490000000004,3272.738,0.02,0.02
24.03.2021 09:12:20.315 GMT-0000,3278,3275.82,0.02,0.0075
24.03.2021 09:12:20.972 GMT-0000,3279.508,3275.451,0.02,0.02
24.03.2021 09:12:29.450 GMT-0000,3280.426,3275.533,0.02,0.02
24.03.2021 09:12:29.601 GMT-0000,3281.303,3275.697,0.02,0.02
24.03.2021 09:12:34.071 GMT-0000,3281.221,3277,0.02,0.0075
24.03.2021 09:12:34.221 GMT-0000,3281,3277.656,0.02,0.02
24.03.2021 09:12:35.940 GMT-0000,3280.5490000000004,3277.492,0.0075,0.02
24.03.2021 09:12:36.040 GMT-0000,3281.385,3277.492,0.02,0.02
24.03.2021 09:12:37.533 GMT-0000,3281.508,3278.492,0.02,0.02
24.03.2021 09:12:37.682 GMT-0000,3281,3278,0.02,0.02
24.03.2021 09:12:39.114 GMT-0000,3281.262,3278.5740000000005,0.02,0.0075
24.03.2021 09:12:56.058 GMT-0000,3281.426,3279.451,0.02,0.02
24.03.2021 09:13:06.373 GMT-0000,3281.508,3275.697,0.02,0.02
24.03.2021 09:13:06.551 GMT-0000,3281.1800000000003,3276.7790000000005,0.02,0.0075
24.03.2021 09:13:06.601 GMT-0000,3282.426,3276.5740000000005,0.02,0.02
24.03.2021 09:13:06.652 GMT-0000,3282.426,3275.451,0.02,0.02
24.03.2021 09:13:08.153 GMT-0000,3282.467,3277.492,0.02,0.0075
24.03.2021 09:13:22.270 GMT-0000,3282.3440000000005,3275.738,0.02,0.02
24.03.2021 09:13:23.328 GMT-0000,3280.508,3276,0.0075,0.02
24.03.2021 09:13:23.378 GMT-0000,3279.426,3272.6150000000002,0.02,0.02
24.03.2021 09:13:23.640 GMT-0000,3278.467,3275.492,0.0075,0.0075
24.03.2021 09:13:25.147 GMT-0000,3278.467,3272.656,0.02,0.02
24.03.2021 09:13:27.054 GMT-0000,3278.385,3273.697,0.02,0.02
24.03.2021 09:13:32.554 GMT-0000,3278.508,3272.533,0.02,0.02
24.03.2021 09:13:35.762 GMT-0000,3278.3440000000005,3273.82,0.02,0.0075
24.03.2021 09:13:40.779 GMT-0000,3278.221,3275.7790000000005,0.02,0.0075
24.03.2021 09:13:41.060 GMT-0000,3277.467,3275.656,0.0075,0.02
24.03.2021 09:13:42.466 GMT-0000,3279.467,3275.6150000000002,0.02,0.02
24.03.2021 09:13:42.830 GMT-0000,3282.3440000000005,3275.7790000000005,0.02,0.02
24.03.2021 09:13:44.041 GMT-0000,3281.262,3275.82,0.0075,0.02
24.03.2021 09:13:45.874 GMT-0000,3281.5490000000004,3277.5740000000005,0.02,0.02
24.03.2021 09:13:48.462 GMT-0000,3283.508,3277.451,0.02,0.02
24.03.2021 09:13:50.912 GMT-0000,3283.385,3278.82,0.02,0.02
24.03.2021 09:14:09.952 GMT-0000,3282.1800000000003,3278.697,0.0075,0.02
24.03.2021 09:14:10.053 GMT-0000,3283.1800000000003,3279.7790000000005,0.02,0.02
24.03.2021 09:14:11.644 GMT-0000,3281.508,3279.5740000000005,0.0075,0.0075
24.03.2021 09:14:11.695 GMT-0000,3281,3275.697,0.02,0.02
24.03.2021 09:14:12.036 GMT-0000,3280.262,3275.7790000000005,0.02,0.02
24.03.2021 09:14:25.686 GMT-0000,3280.262,3277.7790000000005,0.02,0.02
24.03.2021 09:14:27.760 GMT-0000,3280.1800000000003,3275.7790000000005,0.02,0.02
24.03.2021 09:14:27.820 GMT-0000,3280.1800000000003,3277.492,0.02,0.0075
24.03.2021 09:14:37.126 GMT-0000,3280,3275.451,0.02,0.02
24.03.2021 09:14:40.724 GMT-0000,3279.3440000000005,3277.5740000000005,0.02,0.02
24.03.2021 09:14:52.771 GMT-0000,3279.1800000000003,3275.656,0.02,0.02
24.03.2021 09:14:54.696 GMT-0000,3279.467,3277.697,0.02,0.0075
24.03.2021 09:14:58.749 GMT-0000,3279.467,3273.6150000000002,0.02,0.02
24.03.2021 09:15:00.237 GMT-0000,3279.426,3274.656,0.02,0.0075
24.03.2021 09:15:14.428 GMT-0000,3279.303,3275.492,0.02,0.0075
24.03.2021 09:15:14.478 GMT-0000,3279.1800000000003,3275,0.02,0.02
24.03.2021 09:15:20.820 GMT-0000,3279.385,3275.7790000000005,0.02,0.02
24.03.2021 09:15:26.493 GMT-0000,3278.262,3275.82,0.02,0.02
24.03.2021 09:15:35.581 GMT-0000,3278.221,3276.697,0.0075,0.0075
24.03.2021 09:15:35.632 GMT-0000,3280.426,3276.492,0.02,0.02
24.03.2021 09:15:35.682 GMT-0000,3281.426,3277.656,0.02,0.02
24.03.2021 09:15:35.864 GMT-0000,3280.467,3277.7790000000005,0.0075,0.02
24.03.2021 09:15:35.914 GMT-0000,3281.1800000000003,3277.451,0.02,0.02
24.03.2021 09:15:36.078 GMT-0000,3281.5490000000004,3275.5740000000005,0.02,0.02
24.03.2021 09:15:36.412 GMT-0000,3281.303,3277.5740000000005,0.02,0.0075
24.03.2021 09:15:43.984 GMT-0000,3279.426,3277.656,0.0075,0.02
24.03.2021 09:15:54.456 GMT-0000,3279.5,3278.5740000000005,0.0075,0.0075
24.03.2021 09:15:54.506 GMT-0000,3282.426,3278.6150000000002,0.02,0.02
24.03.2021 09:16:09.901 GMT-0000,3280.262,3279,0.02,0.02
24.03.2021 09:16:14.940 GMT-0000,3282.303,3278.738,0.02,0.02
24.03.2021 09:16:16.636 GMT-0000,3283.262,3278.656,0.02,0.02
24.03.2021 09:16:23.302 GMT-0000,3283.508,3277.82,0.02,0.02
24.03.2021 09:16:25.132 GMT-0000,3283.5490000000004,3279.82,0.02,0.0075
24.03.2021 09:16:31.599 GMT-0000,3284.3440000000005,3280,0.02,0.02
24.03.2021 09:16:33.633 GMT-0000,3283.221,3279.6150000000002,0.02,0.02
24.03.2021 09:16:33.749 GMT-0000,3283,3280.738,0.0075,0.0075
24.03.2021 09:16:33.799 GMT-0000,3285.262,3280.6150000000002,0.02,0.02
24.03.2021 09:16:33.849 GMT-0000,3284.426,3279.82,0.02,0.02
24.03.2021 09:16:34.135 GMT-0000,3284,3280.738,0.02,0.02
24.03.2021 09:16:40.460 GMT-0000,3285.385,3280.656,0.02,0.02
24.03.2021 09:16:42.707 GMT-0000,3284.3440000000005,3280.5740000000005,0.02,0.02
24.03.2021 09:16:45.652 GMT-0000,3285.508,3281,0.02,0.02
24.03.2021 09:16:54.726 GMT-0000,3284.385,3280.533,0.0075,0.02
24.03.2021 09:17:12.555 GMT-0000,3283.385,3279.6150000000002,0.02,0.02
24.03.2021 09:17:12.655 GMT-0000,3284.508,3279.492,0.02,0.02
24.03.2021 09:17:12.711 GMT-0000,3283.221,3279.738,0.0075,0.02
24.03.2021 09:17:38.286 GMT-0000,3283.221,3280.7790000000005,0.02,0.02
24.03.2021 09:17:38.337 GMT-0000,3283.3440000000005,3279.451,0.02,0.02
24.03.2021 09:17:48.922 GMT-0000,3283.385,3281,0.02,0.0075
24.03.2021 09:18:22.068 GMT-0000,3283.426,3281.82,0.0075,0.0075
24.03.2021 09:18:22.118 GMT-0000,3286.467,3281.82,0.02,0.02
24.03.2021 09:18:22.219 GMT-0000,3287.1800000000003,3280.82,0.02,0.02
24.03.2021 09:18:22.319 GMT-0000,3286.3440000000005,3281.697,0.02,0.02
24.03.2021 09:18:23.116 GMT-0000,3286.262,3283.5740000000005,0.02,0.02
24.03.2021 09:18:27.156 GMT-0000,3287.1800000000003,3283.492,0.02,0.02
24.03.2021 09:18:27.334 GMT-0000,3288.467,3283.656,0.02,0.02
24.03.2021 09:18:27.852 GMT-0000,3288.5490000000004,3284.738,0.02,0.0075
24.03.2021 09:18:31.961 GMT-0000,3287.385,3284.451,0.0075,0.0075
24.03.2021 09:18:32.011 GMT-0000,3287.426,3283.533,0.02,0.02
24.03.2021 09:18:32.111 GMT-0000,3288.3440000000005,3283.451,0.02,0.02
24.03.2021 09:18:59.086 GMT-0000,3287.303,3283.738,0.0075,0.02
24.03.2021 09:19:00.673 GMT-0000,3286.221,3283.5740000000005,0.0075,0.0075
24.03.2021 09:19:00.724 GMT-0000,3286.262,3280,0.02,0.02
24.03.2021 09:19:04.062 GMT-0000,3285.1800000000003,3280,0.0075,0.02
24.03.2021 09:19:32.639 GMT-0000,3285.221,3280.656,0.02,0.0075
24.03.2021 09:19:42.017 GMT-0000,3285.467,3281.697,0.02,0.0075
24.03.2021 09:19:43.270 GMT-0000,3285.5490000000004,3282.7790000000005,0.02,0.02
24.03.2021 09:19:43.375 GMT-0000,3285.303,3281.5740000000005,0.02,0.02
24.03.2021 09:19:44.159 GMT-0000,3287.3440000000005,3282,0.02,0.02
24.03.2021 09:19:44.696 GMT-0000,3287.385,3282.82,0.02,0.0075
24.03.2021 09:19:47.154 GMT-0000,3287.385,3283.492,0.02,0.0075
24.03.2021 09:19:59.662 GMT-0000,3289,3284.533,0.02,0.02
24.03.2021 09:20:00.323 GMT-0000,3289.303,3283.5740000000005,0.02,0.02
24.03.2021 09:20:00.759 GMT-0000,3289.508,3285.82,0.02,0.0075
24.03.2021 09:20:17.495 GMT-0000,3292,3286.738,0.02,0.02
24.03.2021 09:20:18.985 GMT-0000,3292,3287.6150000000002,0.02,0.0075
24.03.2021 09:20:20.996 GMT-0000,3291.303,3287.656,0.0075,0.02
24.03.2021 09:20:21.096 GMT-0000,3292.508,3287.656,0.02,0.02
24.03.2021 09:20:21.933 GMT-0000,3291.303,3287.82,0.0075,0.02
24.03.2021 09:20:22.501 GMT-0000,3292.262,3287.5740000000005,0.02,0.02
24.03.2021 09:20:22.897 GMT-0000,3292.508,3289,0.02,0.0075
24.03.2021 09:20:22.948 GMT-0000,3292,3287.5740000000005,0.02,0.02
24.03.2021 09:20:23.463 GMT-0000,3292.5490000000004,3288.738,0.02,0.0075
24.03.2021 09:20:23.564 GMT-0000,3292.3440000000005,3287.533,0.02,0.02
24.03.2021 09:20:24.068 GMT-0000,3292.426,3289.6150000000002,0.02,0.02
24.03.2021 09:20:35.080 GMT-0000,3291.262,3289.492,0.0075,0.0075
24.03.2021 09:20:35.131 GMT-0000,3291.5490000000004,3285.82,0.02,0.02
24.03.2021 09:20:35.232 GMT-0000,3292.221,3286.738,0.02,0.02
24.03.2021 09:20:36.840 GMT-0000,3292.5490000000004,3287.738,0.02,0.0075
24.03.2021 09:20:40.148 GMT-0000,3292.467,3287,0.02,0.02
24.03.2021 09:20:47.100 GMT-0000,3292.1800000000003,3287.82,0.02,0.02
24.03.2021 09:20:51.992 GMT-0000,3292.221,3286.656,0.02,0.02
24.03.2021 09:20:56.143 GMT-0000,3292.467,3287.697,0.02,0.0075
24.03.2021 09:20:56.254 GMT-0000,3291.262,3288.451,0.0075,0.0075
24.03.2021 09:20:56.304 GMT-0000,3291.221,3287.5740000000005,0.02,0.02
24.03.2021 09:20:56.410 GMT-0000,3292.1800000000003,3288,0.02,0.02
24.03.2021 09:21:00.130 GMT-0000,3292.467,3289,0.02,0.0075
24.03.2021 09:21:00.230 GMT-0000,3292.426,3287.7790000000005,0.02,0.02
24.03.2021 09:21:03.228 GMT-0000,3291.508,3287.738,0.0075,0.02
24.03.2021 09:21:03.424 GMT-0000,3291,3288.5740000000005,0.02,0.0075
24.03.2021 09:21:03.474 GMT-0000,3291.5490000000004,3287.492,0.02,0.02
24.03.2021 09:21:05.938 GMT-0000,3290.467,3285.656,0.02,0.02
24.03.2021 09:21:06.740 GMT-0000,3289.303,3285.533,0.0075,0.02
24.03.2021 09:21:15.469 GMT-0000,3287.467,3286,0.0075,0.0075
24.03.2021 09:21:15.519 GMT-0000,3287.426,3282.6150000000002,0.02,0.02
24.03.2021 09:21:17.548 GMT-0000,3286.385,3282.738,0.0075,0.02
24.03.2021 09:21:17.760 GMT-0000,3285,3282.5740000000005,0.02,0.02
24.03.2021 09:21:26.659 GMT-0000,3285.508,3280.5740000000005,0.02,0.02
24.03.2021 09:21:28.149 GMT-0000,3284,3279.82,0.02,0.02
24.03.2021 09:21:28.250 GMT-0000,3283.303,3279.7790000000005,0.02,0.02
24.03.2021 09:21:28.355 GMT-0000,3283.303,3278.656,0.02,0.02
24.03.2021 09:21:28.951 GMT-0000,3283.508,3279.492,0.02,0.0075
24.03.2021 09:21:31.883 GMT-0000,3282.303,3278.697,0.02,0.02
24.03.2021 09:21:32.012 GMT-0000,3281.5490000000004,3278.82,0.0075,0.02
24.03.2021 09:21:32.374 GMT-0000,3280.426,3275.738,0.02,0.02
24.03.2021 09:21:32.424 GMT-0000,3279.508,3275.5740000000005,0.02,0.02
24.03.2021 09:21:32.474 GMT-0000,3281.3440000000005,3275.697,0.02,0.02
24.03.2021 09:21:32.625 GMT-0000,3280.1800000000003,3275.451,0.02,0.02
24.03.2021 09:21:32.815 GMT-0000,3281.1800000000003,3275.451,0.02,0.02
24.03.2021 09:21:32.951 GMT-0000,3280.262,3272.656,0.02,0.02
24.03.2021 09:21:33.115 GMT-0000,3277,3273,0.0075,0.02
24.03.2021 09:21:33.345 GMT-0000,3278.5490000000004,3272.6150000000002,0.02,0.02
24.03.2021 09:21:33.424 GMT-0000,3277.221,3272.697,0.0075,0.02
24.03.2021 09:21:33.524 GMT-0000,3277.303,3271.697,0.02,0.02
24.03.2021 09:21:33.616 GMT-0000,3277,3272.451,0.02,0.0075
24.03.2021 09:21:34.935 GMT-0000,3275.1800000000003,3270,0.02,0.02
24.03.2021 09:21:35.424 GMT-0000,3274.303,3269.697,0.0075,0.0075
24.03.2021 09:21:35.474 GMT-0000,3274.426,3269,0.02,0.02
24.03.2021 09:21:35.525 GMT-0000,3275.508,3268.5740000000005,0.02,0.02
24.03.2021 09:21:35.846 GMT-0000,3273.262,3269.451,0.02,0.02
24.03.2021 09:21:36.768 GMT-0000,3274.508,3267.82,0.02,0.02
24.03.2021 09:21:37.422 GMT-0000,3275,3267.738,0.02,0.02
24.03.2021 09:21:37.472 GMT-0000,3275.3440000000005,3268.738,0.02,0.02
24.03.2021 09:21:37.624 GMT-0000,3272.262,3268.6150000000002,0.0075,0.0075
24.03.2021 09:21:37.674 GMT-0000,3274.385,3269,0.02,0.02
24.03.2021 09:21:37.812 GMT-0000,3273.508,3268.533,0.0075,0.02
24.03.2021 09:21:37.952 GMT-0000,3271.5490000000004,3268.738,0.0075,0.0075
24.03.2021 09:21:38.002 GMT-0000,3271.262,3266.738,0.02,0.02
24.03.2021 09:21:38.188 GMT-0000,3270.5490000000004,3266.5740000000005,0.02,0.02
24.03.2021 09:21:38.238 GMT-0000,3270,3265.5740000000005,0.02,0.02
24.03.2021 09:21:38.925 GMT-0000,3270.262,3266.738,0.02,0.0075
24.03.2021 09:21:39.032 GMT-0000,3271.5490000000004,3269.5740000000005,0.0075,0.0075
24.03.2021 09:21:39.082 GMT-0000,3273.221,3268.533,0.02,0.02
24.03.2021 09:21:39.299 GMT-0000,3273.221,3269.738,0.0075,0.0075
24.03.2021 09:21:39.349 GMT-0000,3276.262,3270,0.02,0.02
24.03.2021 09:21:39.399 GMT-0000,3275.221,3269.6150000000002,0.02,0.02
24.03.2021 09:21:39.502 GMT-0000,3275.426,3268.5740000000005,0.02,0.02
24.03.2021 09:21:42.480 GMT-0000,3275.262,3270.738,0.02,0.0075
24.03.2021 09:22:19.398 GMT-0000,3275.508,3272,0.02,0.0075
24.03.2021 09:22:19.548 GMT-0000,3274.5490000000004,3271.7790000000005,0.02,0.02
24.03.2021 09:22:19.699 GMT-0000,3275.221,3271.451,0.02,0.02
24.03.2021 09:22:19.749 GMT-0000,3274.426,3271.5740000000005,0.02,0.02
24.03.2021 09:22:20.586 GMT-0000,3274.467,3270.5740000000005,0.02,0.02
24.03.2021 09:22:22.120 GMT-0000,3274.5490000000004,3272.451,0.0075,0.0075
24.03.2021 09:22:22.171 GMT-0000,3277.385,3270.7790000000005,0.02,0.02
24.03.2021 09:22:22.236 GMT-0000,3278,3271.533,0.02,0.02
24.03.2021 09:22:22.379 GMT-0000,3278.221,3272.533,0.02,0.0075
24.03.2021 09:22:22.529 GMT-0000,3280.508,3276.6150000000002,0.02,0.02
24.03.2021 09:22:22.670 GMT-0000,3281.385,3276.5740000000005,0.02,0.02
24.03.2021 09:22:22.721 GMT-0000,3279,3274.82,0.02,0.02
24.03.2021 09:22:22.838 GMT-0000,3280.221,3274.656,0.02,0.02
24.03.2021 09:22:22.888 GMT-0000,3280.262,3275.492,0.02,0.02
24.03.2021 09:22:23.327 GMT-0000,3280.426,3274.5740000000005,0.02,0.02
24.03.2021 09:22:23.378 GMT-0000,3280.3440000000005,3273.656,0.02,0.02
24.03.2021 09:22:23.655 GMT-0000,3279.385,3273.697,0.02,0.02
24.03.2021 09:22:23.782 GMT-0000,3277.385,3273.738,0.02,0.02
24.03.2021 09:22:23.833 GMT-0000,3276.5490000000004,3271.5740000000005,0.02,0.02
24.03.2021 09:22:23.883 GMT-0000,3275.3440000000005,3270.451,0.02,0.02
24.03.2021 09:22:24.070 GMT-0000,3276.467,3270.656,0.02,0.02
24.03.2021 09:22:24.428 GMT-0000,3274.1800000000003,3270.5740000000005,0.0075,0.02
24.03.2021 09:22:24.478 GMT-0000,3274.426,3269.451,0.02,0.02
24.03.2021 09:22:26.169 GMT-0000,3274.262,3268.738,0.02,0.02
24.03.2021 09:22:26.401 GMT-0000,3272.5490000000004,3268.697,0.0075,0.02
24.03.2021 09:22:26.452 GMT-0000,3272.303,3267.533,0.02,0.02
24.03.2021 09:22:35.020 GMT-0000,3272.5490000000004,3269.451,0.02,0.0075
24.03.2021 09:22:35.070 GMT-0000,3278.508,3272.82,0.02,0.02
24.03.2021 09:22:35.184 GMT-0000,3277.1800000000003,3272,0.02,0.02
24.03.2021 09:22:35.312 GMT-0000,3278.5490000000004,3271.451,0.02,0.02
24.03.2021 09:22:35.412 GMT-0000,3278.385,3273.738,0.02,0.0075
24.03.2021 09:22:35.513 GMT-0000,3278.508,3272.451,0.02,0.02
24.03.2021 09:22:36.069 GMT-0000,3277.262,3272.451,0.0075,0.02
24.03.2021 09:22:36.763 GMT-0000,3277.467,3273.492,0.02,0.0075
24.03.2021 09:22:41.351 GMT-0000,3277.303,3271.7790000000005,0.02,0.02
24.03.2021 09:22:42.051 GMT-0000,3278.262,3272.6150000000002,0.02,0.02
24.03.2021 09:22:42.420 GMT-0000,3277.5490000000004,3272.656,0.0075,0.02
24.03.2021 09:22:45.018 GMT-0000,3279.385,3274,0.02,0.02
24.03.2021 09:22:45.068 GMT-0000,3278.1800000000003,3273.738,0.02,0.02
24.03.2021 09:22:45.229 GMT-0000,3278.1800000000003,3274.492,0.02,0.02
24.03.2021 09:22:45.367 GMT-0000,3278,3273.656,0.02,0.02
24.03.2021 09:22:45.898 GMT-0000,3278,3275.492,0.02,0.0075
24.03.2021 09:22:47.632 GMT-0000,3276,3275.5,0.0075,0.0075
24.03.2021 09:22:47.682 GMT-0000,3276.1800000000003,3271.533,0.02,0.02
24.03.2021 09:22:48.440 GMT-0000,3276,3273,0.0075,0.0075
24.03.2021 09:22:48.491 GMT-0000,3278.508,3272.492,0.02,0.02
24.03.2021 09:22:52.452 GMT-0000,3278.303,3273.7790000000005,0.02,0.02
24.03.2021 09:22:52.554 GMT-0000,3278.467,3272.697,0.02,0.02
24.03.2021 09:22:58.641 GMT-0000,3278.467,3273.492,0.02,0.0075
24.03.2021 09:22:58.807 GMT-0000,3278.5490000000004,3272.5740000000005,0.02,0.02
24.03.2021 09:23:08.675 GMT-0000,3279.3440000000005,3274.533,0.02,0.02
24.03.2021 09:23:12.368 GMT-0000,3278.303,3274.82,0.0075,0.0075
24.03.2021 09:23:12.418 GMT-0000,3279.426,3273.738,0.02,0.02
24.03.2021 09:23:12.832 GMT-0000,3279.262,3275,0.02,0.0075
24.03.2021 09:23:12.932 GMT-0000,3279.467,3273.451,0.02,0.02
24.03.2021 09:23:13.056 GMT-0000,3277.221,3273.5740000000005,0.0075,0.0075
24.03.2021 09:23:13.106 GMT-0000,3277,3272.451,0.02,0.02
24.03.2021 09:23:15.367 GMT-0000,3277.5490000000004,3274.533,0.02,0.0075
24.03.2021 09:23:26.401 GMT-0000,3277.5490000000004,3275.697,0.0075,0.0075
24.03.2021 09:23:26.452 GMT-0000,3279.303,3274.7790000000005,0.02,0.02
24.03.2021 09:23:26.502 GMT-0000,3279.467,3276.492,0.02,0.02
24.03.2021 09:23:45.429 GMT-0000,3279.221,3274,0.02,0.02
24.03.2021 09:23:45.479 GMT-0000,3278.1800000000003,3274.533,0.02,0.02
24.03.2021 09:23:45.798 GMT-0000,3278.5490000000004,3275.5740000000005,0.02,0.02
24.03.2021 09:23:49.944 GMT-0000,3280.385,3275.697,0.02,0.02
24.03.2021 09:23:50.240 GMT-0000,3279.467,3275.7790000000005,0.0075,0.02
24.03.2021 09:23:59.069 GMT-0000,3280.262,3276,0.02,0.02
