Local time,Ask,Bid,AskVolume,BidVolume
29.03.2021 08:00:09.986 GMT+0100,3458.467,3431.656,0.02,0.02
29.03.2021 08:00:10.328 GMT+0100,3452.508,3437.451,0.0075,0.0075
29.03.2021 08:00:11.732 GMT+0100,3452.385,3439.82,0.02,0.0075
29.03.2021 08:00:11.833 GMT+0100,3449.385,3439.451,0.02,0.02
29.03.2021 08:00:12.004 GMT+0100,3446.5490000000004,3433.5740000000005,0.02,0.02
29.03.2021 08:00:12.366 GMT+0100,3449.303,3429.738,0.02,0.02
29.03.2021 08:00:12.774 GMT+0100,3449.221,3427.656,0.02,0.02
29.03.2021 08:00:13.992 GMT+0100,3446.1800000000003,3427.492,0.0075,0.02
29.03.2021 08:00:15.667 GMT+0100,3446.221,3425.697,0.02,0.02
29.03.2021 08:00:33.013 GMT+0100,3444,3421.82,0.02,0.02
29.03.2021 08:00:35.005 GMT+0100,3442.385,3421.5740000000005,0.0075,0.02
29.03.2021 08:01:14.446 GMT+0100,3442.385,3431.656,0.02,0.0075
29.03.2021 08:01:23.073 GMT+0100,3440.1800000000003,3432,0.02,0.02
29.03.2021 08:01:28.028 GMT+0100,3438.262,3431.6150000000002,0.0075,0.02
29.03.2021 08:01:41.509 GMT+0100,3436.303,3432,0.0075,0.02
29.03.2021 08:02:03.758 GMT+0100,3435.3440000000005,3431.5740000000005,0.02,0.02
29.03.2021 08:02:51.610 GMT+0100,3435.1800000000003,3425.7790000000005,0.02,0.02
29.03.2021 08:03:02.655 GMT+0100,3435,3424.7790000000005,0.02,0.02
29.03.2021 08:03:03.160 GMT+0100,3435.385,3425.451,0.0075,0.0075
29.03.2021 08:03:03.210 GMT+0100,3443.385,3425.533,0.02,0.02
29.03.2021 08:03:09.568 GMT+0100,3440.385,3425.738,0.02,0.02
29.03.2021 08:03:14.862 GMT+0100,3440.426,3429.6150000000002,0.02,0.0075
29.03.2021 08:03:16.694 GMT+0100,3440.221,3427.6150000000002,0.02,0.02
29.03.2021 08:03:16.806 GMT+0100,3440.508,3427,0.02,0.02
29.03.2021 08:03:18.928 GMT+0100,3440.221,3429.82,0.02,0.0075
29.03.2021 08:03:20.417 GMT+0100,3440.5490000000004,3426.6150000000002,0.02,0.02
29.03.2021 08:03:22.461 GMT+0100,3436.467,3426.656,0.0075,0.0075
29.03.2021 08:03:22.512 GMT+0100,3436.508,3424.697,0.02,0.02
29.03.2021 08:03:22.562 GMT+0100,3433.5490000000004,3422,0.02,0.02
29.03.2021 08:03:22.671 GMT+0100,3433.262,3423,0.02,0.02
29.03.2021 08:03:26.873 GMT+0100,3433.385,3424.656,0.0075,0.0075
29.03.2021 08:03:26.923 GMT+0100,3437.467,3425.7790000000005,0.02,0.02
29.03.2021 08:03:27.370 GMT+0100,3442.3440000000005,3425.5740000000005,0.02,0.02
29.03.2021 08:03:30.560 GMT+0100,3442,3427.738,0.0075,0.0075
29.03.2021 08:03:31.247 GMT+0100,3444.385,3430.451,0.02,0.02
29.03.2021 08:03:31.712 GMT+0100,3443.426,3431.82,0.02,0.02
29.03.2021 08:03:36.660 GMT+0100,3442.5490000000004,3431.7790000000005,0.0075,0.02
29.03.2021 08:03:36.761 GMT+0100,3442.467,3430.492,0.02,0.02
29.03.2021 08:03:54.925 GMT+0100,3442.1800000000003,3428.697,0.02,0.02
29.03.2021 08:04:00.259 GMT+0100,3442.467,3429.656,0.02,0.0075
29.03.2021 08:04:02.557 GMT+0100,3440.508,3425.697,0.02,0.02
29.03.2021 08:04:15.808 GMT+0100,3438.303,3425.533,0.0075,0.02
29.03.2021 08:04:30.128 GMT+0100,3438.467,3427.7790000000005,0.02,0.02
29.03.2021 08:04:30.553 GMT+0100,3438.426,3429.451,0.02,0.0075
29.03.2021 08:04:32.164 GMT+0100,3438.303,3432.82,0.02,0.02
29.03.2021 08:04:47.342 GMT+0100,3438.262,3433.5740000000005,0.02,0.0075
29.03.2021 08:05:03.775 GMT+0100,3438.467,3432.697,0.02,0.02
29.03.2021 08:05:41.194 GMT+0100,3437.385,3432.492,0.0075,0.02
29.03.2021 08:06:19.629 GMT+0100,3435.467,3427.7790000000005,0.02,0.02
29.03.2021 08:06:19.760 GMT+0100,3435.262,3425.6150000000002,0.02,0.02
29.03.2021 08:06:31.638 GMT+0100,3433.3440000000005,3425.6150000000002,0.02,0.02
29.03.2021 08:06:33.640 GMT+0100,3433.262,3423.697,0.02,0.02
29.03.2021 08:06:35.328 GMT+0100,3432.385,3423.656,0.0075,0.02
29.03.2021 08:06:36.658 GMT+0100,3431.467,3424,0.0075,0.02
29.03.2021 08:06:40.651 GMT+0100,3431.1800000000003,3422.492,0.02,0.02
29.03.2021 08:06:54.933 GMT+0100,3430.303,3422.6150000000002,0.0075,0.0075
29.03.2021 08:06:54.984 GMT+0100,3430.5490000000004,3419.738,0.02,0.02
29.03.2021 08:06:58.043 GMT+0100,3431.1800000000003,3421.7790000000005,0.02,0.02
29.03.2021 08:06:58.187 GMT+0100,3430.385,3419.6150000000002,0.02,0.02
29.03.2021 08:07:00.324 GMT+0100,3430.262,3421.7790000000005,0.02,0.0075
29.03.2021 08:07:03.792 GMT+0100,3430.1800000000003,3423.492,0.02,0.0075
29.03.2021 08:07:08.366 GMT+0100,3430.426,3421.697,0.02,0.02
29.03.2021 08:07:36.863 GMT+0100,3430.467,3422.738,0.02,0.0075
29.03.2021 08:07:37.014 GMT+0100,3430.262,3423.697,0.02,0.02
29.03.2021 08:07:40.429 GMT+0100,3430.3440000000005,3422.656,0.02,0.02
29.03.2021 08:07:59.034 GMT+0100,3430.508,3424.7790000000005,0.0075,0.0075
29.03.2021 08:07:59.084 GMT+0100,3431.426,3424.5740000000005,0.02,0.02
29.03.2021 08:08:03.599 GMT+0100,3431.508,3423.6150000000002,0.02,0.02
29.03.2021 08:08:08.805 GMT+0100,3431.426,3425.451,0.02,0.02
29.03.2021 08:08:09.540 GMT+0100,3431.426,3428.451,0.0075,0.0075
29.03.2021 08:08:09.590 GMT+0100,3432.5490000000004,3429,0.02,0.02
29.03.2021 08:08:31.092 GMT+0100,3431.426,3422.738,0.02,0.02
29.03.2021 08:08:31.928 GMT+0100,3431.3440000000005,3424,0.02,0.02
29.03.2021 08:08:32.847 GMT+0100,3431.508,3422.656,0.02,0.02
29.03.2021 08:08:34.591 GMT+0100,3431.1800000000003,3424,0.02,0.0075
29.03.2021 08:08:35.739 GMT+0100,3432.5490000000004,3423,0.02,0.02
29.03.2021 08:08:35.790 GMT+0100,3431.303,3421.697,0.02,0.02
29.03.2021 08:08:36.061 GMT+0100,3430.385,3421.738,0.0075,0.02
29.03.2021 08:08:55.424 GMT+0100,3428,3420.697,0.02,0.02
29.03.2021 08:09:00.720 GMT+0100,3426.5490000000004,3420.533,0.0075,0.0075
29.03.2021 08:09:00.771 GMT+0100,3426.426,3417.697,0.02,0.02
29.03.2021 08:09:07.820 GMT+0100,3424.467,3415.492,0.02,0.02
29.03.2021 08:09:08.430 GMT+0100,3424.221,3416.5740000000005,0.02,0.02
29.03.2021 08:09:10.186 GMT+0100,3424.262,3415.5740000000005,0.02,0.02
29.03.2021 08:09:32.140 GMT+0100,3420.508,3415.7790000000005,0.0075,0.0075
29.03.2021 08:09:32.191 GMT+0100,3420.262,3413.533,0.02,0.02
29.03.2021 08:09:35.132 GMT+0100,3420,3411,0.02,0.02
29.03.2021 08:09:35.184 GMT+0100,3420.426,3412.82,0.02,0.02
29.03.2021 08:09:53.924 GMT+0100,3419.5490000000004,3412.7790000000005,0.0075,0.0075
29.03.2021 08:09:53.974 GMT+0100,3419.303,3411.451,0.02,0.02
29.03.2021 08:10:05.072 GMT+0100,3420.467,3411.5740000000005,0.02,0.02
29.03.2021 08:10:05.173 GMT+0100,3420,3412.697,0.02,0.02
29.03.2021 08:10:05.223 GMT+0100,3420.426,3411.738,0.02,0.02
29.03.2021 08:10:05.328 GMT+0100,3419.1800000000003,3411.697,0.0075,0.02
29.03.2021 08:10:10.337 GMT+0100,3419.467,3412.451,0.02,0.02
29.03.2021 08:10:14.048 GMT+0100,3420.508,3412.5740000000005,0.02,0.02
29.03.2021 08:10:15.381 GMT+0100,3420,3414.451,0.02,0.02
29.03.2021 08:10:16.988 GMT+0100,3421.262,3415,0.02,0.02
29.03.2021 08:10:17.088 GMT+0100,3424.426,3415.656,0.02,0.02
29.03.2021 08:10:17.138 GMT+0100,3423.426,3415.5740000000005,0.02,0.02
29.03.2021 08:10:20.406 GMT+0100,3423.3440000000005,3416.738,0.02,0.0075
29.03.2021 08:10:59.474 GMT+0100,3422.467,3416.492,0.0075,0.02
29.03.2021 08:11:07.627 GMT+0100,3422.467,3417.697,0.02,0.0075
29.03.2021 08:11:07.836 GMT+0100,3422.5490000000004,3418.656,0.02,0.0075
29.03.2021 08:11:10.601 GMT+0100,3423.303,3418.82,0.02,0.02
29.03.2021 08:11:21.101 GMT+0100,3422.426,3418.738,0.02,0.02
29.03.2021 08:11:22.178 GMT+0100,3423.303,3418.738,0.02,0.02
29.03.2021 08:11:22.241 GMT+0100,3422.5490000000004,3418.5740000000005,0.0075,0.02
29.03.2021 08:11:22.394 GMT+0100,3423.508,3418.5740000000005,0.02,0.02
29.03.2021 08:11:37.406 GMT+0100,3422.1800000000003,3415.6150000000002,0.02,0.02
29.03.2021 08:11:59.120 GMT+0100,3422.5490000000004,3417.738,0.02,0.0075
29.03.2021 08:12:02.108 GMT+0100,3423.221,3415.5740000000005,0.02,0.02
29.03.2021 08:12:02.158 GMT+0100,3419.303,3415.5740000000005,0.02,0.02
29.03.2021 08:12:02.244 GMT+0100,3419.303,3411.656,0.02,0.02
29.03.2021 08:12:02.294 GMT+0100,3419.303,3412.7790000000005,0.02,0.02
29.03.2021 08:12:02.344 GMT+0100,3418.5490000000004,3410.7790000000005,0.02,0.02
29.03.2021 08:12:04.038 GMT+0100,3418.1800000000003,3412.656,0.02,0.0075
29.03.2021 08:12:07.128 GMT+0100,3415.5490000000004,3412.82,0.0075,0.02
29.03.2021 08:12:15.039 GMT+0100,3420.5490000000004,3412.533,0.02,0.02
29.03.2021 08:12:16.210 GMT+0100,3421.5490000000004,3412.656,0.02,0.02
29.03.2021 08:12:18.724 GMT+0100,3420,3412.533,0.0075,0.02
29.03.2021 08:12:28.085 GMT+0100,3421.5490000000004,3412.7790000000005,0.02,0.02
29.03.2021 08:12:40.754 GMT+0100,3420.508,3412.738,0.02,0.02
29.03.2021 08:13:28.724 GMT+0100,3420.5490000000004,3413.656,0.02,0.0075
29.03.2021 08:13:33.906 GMT+0100,3420,3412.82,0.02,0.02
29.03.2021 08:13:35.762 GMT+0100,3420.508,3413.697,0.02,0.02
29.03.2021 08:13:39.787 GMT+0100,3420.303,3412.738,0.02,0.02
29.03.2021 08:13:39.928 GMT+0100,3420.1800000000003,3414.533,0.02,0.0075
29.03.2021 08:13:40.080 GMT+0100,3420.426,3412.5740000000005,0.02,0.02
29.03.2021 08:13:41.143 GMT+0100,3420.1800000000003,3414.6150000000002,0.02,0.0075
29.03.2021 08:14:15.194 GMT+0100,3418.262,3414.656,0.0075,0.0075
29.03.2021 08:14:15.245 GMT+0100,3418.508,3412.6150000000002,0.02,0.02
29.03.2021 08:14:15.295 GMT+0100,3416.467,3412.697,0.02,0.02
29.03.2021 08:14:16.885 GMT+0100,3416.5490000000004,3408.492,0.02,0.02
29.03.2021 08:14:19.244 GMT+0100,3416.262,3410.7790000000005,0.02,0.0075
29.03.2021 08:14:19.345 GMT+0100,3416.5490000000004,3408.5740000000005,0.02,0.02
29.03.2021 08:14:40.540 GMT+0100,3417.262,3412.738,0.02,0.02
29.03.2021 08:14:40.616 GMT+0100,3417.426,3411.7790000000005,0.02,0.02
29.03.2021 08:14:40.667 GMT+0100,3420.1800000000003,3412.6150000000002,0.02,0.02
29.03.2021 08:14:41.217 GMT+0100,3420.426,3414.697,0.02,0.02
29.03.2021 08:14:41.267 GMT+0100,3421.1800000000003,3414.656,0.02,0.02
29.03.2021 08:14:41.328 GMT+0100,3420.385,3414.82,0.02,0.02
29.03.2021 08:14:46.172 GMT+0100,3420.385,3415.5740000000005,0.02,0.0075
29.03.2021 08:14:47.196 GMT+0100,3420,3414.5740000000005,0.02,0.02
29.03.2021 08:15:00.203 GMT+0100,3420,3415.656,0.02,0.0075
29.03.2021 08:15:10.516 GMT+0100,3420.25,3418.533,0.0075,0.0075
29.03.2021 08:15:10.566 GMT+0100,3426.1800000000003,3418.6150000000002,0.02,0.02
29.03.2021 08:15:10.617 GMT+0100,3426.385,3417.697,0.02,0.02
29.03.2021 08:15:10.667 GMT+0100,3426.3440000000005,3419.697,0.02,0.02
29.03.2021 08:15:10.812 GMT+0100,3426,3418.697,0.02,0.02
29.03.2021 08:15:12.918 GMT+0100,3424.426,3418.5740000000005,0.0075,0.02
29.03.2021 08:15:12.969 GMT+0100,3424.262,3417.451,0.02,0.02
29.03.2021 08:15:13.019 GMT+0100,3423.303,3417.6150000000002,0.02,0.02
29.03.2021 08:15:19.290 GMT+0100,3423.5490000000004,3419.6150000000002,0.02,0.0075
29.03.2021 08:15:19.340 GMT+0100,3423.426,3416.738,0.02,0.02
29.03.2021 08:15:28.128 GMT+0100,3423.262,3417.738,0.02,0.0075
29.03.2021 08:15:33.377 GMT+0100,3423.303,3416.697,0.02,0.02
29.03.2021 08:15:35.426 GMT+0100,3422.426,3416.697,0.0075,0.02
29.03.2021 08:15:39.144 GMT+0100,3423.385,3416.656,0.02,0.02
29.03.2021 08:15:39.202 GMT+0100,3423.426,3417.7790000000005,0.02,0.0075
29.03.2021 08:16:00.587 GMT+0100,3423.426,3419.738,0.02,0.0075
29.03.2021 08:16:02.838 GMT+0100,3423.467,3418,0.02,0.02
29.03.2021 08:16:04.928 GMT+0100,3423.1800000000003,3419.5740000000005,0.02,0.0075
29.03.2021 08:16:06.532 GMT+0100,3423.221,3420.82,0.02,0.0075
29.03.2021 08:16:07.025 GMT+0100,3427.385,3420.492,0.02,0.02
29.03.2021 08:16:08.636 GMT+0100,3425.3440000000005,3421,0.02,0.02
29.03.2021 08:16:33.451 GMT+0100,3423.426,3417.492,0.02,0.02
29.03.2021 08:16:33.502 GMT+0100,3422.467,3416.7790000000005,0.02,0.02
29.03.2021 08:16:47.045 GMT+0100,3422.3440000000005,3414.492,0.02,0.02
29.03.2021 08:16:47.095 GMT+0100,3420.303,3414.656,0.02,0.02
29.03.2021 08:16:48.524 GMT+0100,3420.303,3418.5,0.02,0.0075
29.03.2021 08:17:24.221 GMT+0100,3418.303,3412.697,0.02,0.02
29.03.2021 08:17:24.435 GMT+0100,3418.221,3411.451,0.02,0.02
29.03.2021 08:17:24.562 GMT+0100,3418.385,3412.7790000000005,0.02,0.02
29.03.2021 08:17:24.724 GMT+0100,3418.426,3411.451,0.02,0.02
29.03.2021 08:17:24.775 GMT+0100,3418.426,3412.656,0.02,0.0075
29.03.2021 08:17:25.883 GMT+0100,3418,3412,0.02,0.02
29.03.2021 08:17:26.266 GMT+0100,3418.5490000000004,3412.533,0.02,0.0075
29.03.2021 08:17:27.183 GMT+0100,3418.3440000000005,3409.738,0.02,0.02
29.03.2021 08:17:27.233 GMT+0100,3418.426,3410.82,0.02,0.02
29.03.2021 08:17:27.683 GMT+0100,3416.426,3409.451,0.02,0.02
29.03.2021 08:17:52.364 GMT+0100,3416.5490000000004,3410.6150000000002,0.02,0.0075
29.03.2021 08:17:59.048 GMT+0100,3418.508,3413.5740000000005,0.02,0.02
29.03.2021 08:17:59.098 GMT+0100,3418.426,3412.7790000000005,0.02,0.02
29.03.2021 08:17:59.149 GMT+0100,3419,3413,0.02,0.02
29.03.2021 08:17:59.414 GMT+0100,3419.508,3415.738,0.02,0.02
29.03.2021 08:18:26.724 GMT+0100,3418.385,3415.82,0.02,0.02
29.03.2021 08:18:28.844 GMT+0100,3419,3415.82,0.02,0.02
29.03.2021 08:19:25.661 GMT+0100,3418,3415.82,0.0075,0.0075
29.03.2021 08:19:25.711 GMT+0100,3418.262,3410.82,0.02,0.02
29.03.2021 08:19:25.762 GMT+0100,3416.303,3410.7790000000005,0.02,0.02
29.03.2021 08:19:29.363 GMT+0100,3416.385,3412.6150000000002,0.02,0.02
29.03.2021 08:19:36.468 GMT+0100,3416.467,3411.697,0.02,0.02
29.03.2021 08:19:36.528 GMT+0100,3416.303,3413.533,0.02,0.0075
29.03.2021 08:19:44.666 GMT+0100,3416.5490000000004,3411.738,0.02,0.02
29.03.2021 08:19:44.774 GMT+0100,3416,3410.5740000000005,0.02,0.02
29.03.2021 08:19:47.824 GMT+0100,3416,3409.738,0.02,0.02
29.03.2021 08:19:50.145 GMT+0100,3416.3440000000005,3410.492,0.02,0.02
29.03.2021 08:19:51.793 GMT+0100,3416.303,3409.697,0.02,0.02
29.03.2021 08:19:52.833 GMT+0100,3416.221,3410.533,0.02,0.02
29.03.2021 08:20:07.732 GMT+0100,3416,3411.656,0.0075,0.0075
29.03.2021 08:20:07.783 GMT+0100,3419.5490000000004,3412,0.02,0.02
29.03.2021 08:20:07.833 GMT+0100,3416.426,3410.533,0.02,0.02
29.03.2021 08:20:07.974 GMT+0100,3417,3411.533,0.02,0.02
29.03.2021 08:20:08.136 GMT+0100,3416.385,3410.533,0.02,0.02
29.03.2021 08:20:27.942 GMT+0100,3416.1800000000003,3412.451,0.02,0.0075
29.03.2021 08:21:00.775 GMT+0100,3416.5,3415,0.0075,0.0075
29.03.2021 08:21:00.826 GMT+0100,3422.303,3414.697,0.02,0.02
29.03.2021 08:21:01.011 GMT+0100,3422.262,3417,0.02,0.0075
29.03.2021 08:21:01.382 GMT+0100,3420.5490000000004,3416.656,0.02,0.02
29.03.2021 08:21:03.381 GMT+0100,3420.508,3415.738,0.02,0.02
29.03.2021 08:21:04.720 GMT+0100,3420.426,3414.451,0.02,0.02
29.03.2021 08:21:05.158 GMT+0100,3420,3416.5740000000005,0.02,0.0075
29.03.2021 08:21:07.390 GMT+0100,3420.385,3413.7790000000005,0.02,0.02
29.03.2021 08:21:09.308 GMT+0100,3420.221,3414.533,0.02,0.0075
29.03.2021 08:21:15.209 GMT+0100,3420.467,3416.5740000000005,0.02,0.0075
29.03.2021 08:21:17.540 GMT+0100,3420.426,3417.7790000000005,0.02,0.0075
29.03.2021 08:21:30.511 GMT+0100,3420.467,3415.6150000000002,0.02,0.02
29.03.2021 08:21:31.254 GMT+0100,3420.5490000000004,3414.7790000000005,0.02,0.02
29.03.2021 08:21:32.033 GMT+0100,3420.1800000000003,3415.82,0.02,0.02
29.03.2021 08:21:32.192 GMT+0100,3420,3416.533,0.02,0.0075
29.03.2021 08:21:35.222 GMT+0100,3420.303,3415.656,0.02,0.02
29.03.2021 08:21:35.982 GMT+0100,3420,3414.6150000000002,0.02,0.02
29.03.2021 08:21:37.047 GMT+0100,3420.5490000000004,3416.492,0.02,0.0075
29.03.2021 08:22:15.945 GMT+0100,3419.303,3414.533,0.02,0.02
29.03.2021 08:22:15.995 GMT+0100,3418.3440000000005,3414.7790000000005,0.02,0.02
29.03.2021 08:22:16.045 GMT+0100,3418.1800000000003,3412.697,0.02,0.02
29.03.2021 08:22:16.096 GMT+0100,3418.467,3411.697,0.02,0.02
29.03.2021 08:22:16.216 GMT+0100,3417.5490000000004,3411.492,0.02,0.02
29.03.2021 08:22:18.102 GMT+0100,3418,3411.82,0.02,0.02
29.03.2021 08:22:19.174 GMT+0100,3418.3440000000005,3410.533,0.02,0.02
29.03.2021 08:22:21.010 GMT+0100,3415.467,3410.6150000000002,0.02,0.02
29.03.2021 08:22:24.272 GMT+0100,3415.1800000000003,3412,0.02,0.0075
29.03.2021 08:22:45.191 GMT+0100,3415.262,3410.533,0.02,0.02
29.03.2021 08:22:53.711 GMT+0100,3415.467,3409.5740000000005,0.02,0.02
29.03.2021 08:22:55.141 GMT+0100,3415.508,3411,0.02,0.0075
29.03.2021 08:22:59.795 GMT+0100,3415.5490000000004,3410,0.02,0.02
29.03.2021 08:23:01.541 GMT+0100,3415.5490000000004,3410.492,0.02,0.0075
29.03.2021 08:23:13.674 GMT+0100,3415.385,3411.697,0.02,0.0075
29.03.2021 08:23:13.825 GMT+0100,3415.303,3411,0.02,0.02
29.03.2021 08:23:14.305 GMT+0100,3415,3413,0.02,0.02
29.03.2021 08:23:17.316 GMT+0100,3415.25,3413.451,0.0075,0.0075
29.03.2021 08:23:17.366 GMT+0100,3419.3440000000005,3414.656,0.02,0.02
29.03.2021 08:23:18.463 GMT+0100,3420.426,3414.6150000000002,0.02,0.02
29.03.2021 08:23:19.732 GMT+0100,3419.221,3414.451,0.0075,0.0075
29.03.2021 08:23:19.783 GMT+0100,3419.385,3413,0.02,0.02
29.03.2021 08:23:21.848 GMT+0100,3419.467,3413.82,0.02,0.0075
29.03.2021 08:23:26.042 GMT+0100,3419.467,3412.6150000000002,0.02,0.02
29.03.2021 08:23:26.519 GMT+0100,3419.385,3413.6150000000002,0.02,0.02
29.03.2021 08:23:27.407 GMT+0100,3420.426,3415.7790000000005,0.02,0.0075
29.03.2021 08:23:27.988 GMT+0100,3420.3440000000005,3416.82,0.02,0.0075
29.03.2021 08:24:07.342 GMT+0100,3420,3413.492,0.02,0.02
29.03.2021 08:24:12.395 GMT+0100,3420.3440000000005,3414.7790000000005,0.02,0.0075
29.03.2021 08:24:13.288 GMT+0100,3420.1800000000003,3413.738,0.02,0.02
29.03.2021 08:24:14.553 GMT+0100,3420,3415.492,0.02,0.0075
29.03.2021 08:24:14.720 GMT+0100,3419.262,3415.7790000000005,0.0075,0.02
29.03.2021 08:24:16.647 GMT+0100,3419.3440000000005,3414,0.02,0.02
29.03.2021 08:24:18.438 GMT+0100,3419.262,3415.492,0.02,0.0075
29.03.2021 08:24:21.867 GMT+0100,3419,3413.656,0.02,0.02
29.03.2021 08:24:23.778 GMT+0100,3419.467,3415.492,0.02,0.0075
29.03.2021 08:25:00.785 GMT+0100,3422.3440000000005,3415.492,0.02,0.02
29.03.2021 08:25:03.292 GMT+0100,3421.426,3415.451,0.0075,0.02
29.03.2021 08:25:04.662 GMT+0100,3422.385,3415.6150000000002,0.02,0.02
29.03.2021 08:25:05.810 GMT+0100,3421.3440000000005,3415.5740000000005,0.02,0.02
29.03.2021 08:25:18.233 GMT+0100,3422.262,3415.82,0.02,0.02
29.03.2021 08:25:18.443 GMT+0100,3421.467,3415.82,0.0075,0.02
29.03.2021 08:25:23.618 GMT+0100,3422,3415.738,0.02,0.02
29.03.2021 08:25:33.006 GMT+0100,3421.5490000000004,3415.82,0.02,0.02
29.03.2021 08:25:35.037 GMT+0100,3422.385,3415.82,0.02,0.02
29.03.2021 08:26:01.401 GMT+0100,3421,3415.492,0.02,0.02
29.03.2021 08:26:01.599 GMT+0100,3419,3415.5740000000005,0.02,0.02
29.03.2021 08:26:09.737 GMT+0100,3420.385,3415.6150000000002,0.02,0.02
29.03.2021 08:26:53.167 GMT+0100,3419.5490000000004,3415.738,0.0075,0.02
29.03.2021 08:27:03.621 GMT+0100,3421.262,3415.492,0.02,0.02
29.03.2021 08:27:06.675 GMT+0100,3422.5490000000004,3415.7790000000005,0.02,0.02
29.03.2021 08:27:33.642 GMT+0100,3422.303,3418.451,0.02,0.0075
29.03.2021 08:27:36.067 GMT+0100,3421.426,3415.738,0.02,0.02
29.03.2021 08:27:36.117 GMT+0100,3420.221,3415.5740000000005,0.02,0.02
29.03.2021 08:27:39.720 GMT+0100,3420.221,3416.697,0.02,0.0075
29.03.2021 08:28:12.924 GMT+0100,3419.262,3417,0.02,0.02
29.03.2021 08:28:13.178 GMT+0100,3419.1800000000003,3415.6150000000002,0.02,0.02
29.03.2021 08:29:01.368 GMT+0100,3421,3415.6150000000002,0.02,0.02
29.03.2021 08:29:02.924 GMT+0100,3422.221,3415.451,0.02,0.02
29.03.2021 08:29:04.381 GMT+0100,3423.426,3416.6150000000002,0.02,0.02
29.03.2021 08:29:05.022 GMT+0100,3424.385,3417,0.02,0.02
29.03.2021 08:29:05.728 GMT+0100,3423.385,3416.697,0.0075,0.02
29.03.2021 08:29:06.120 GMT+0100,3424.5490000000004,3417.5740000000005,0.02,0.02
29.03.2021 08:29:06.323 GMT+0100,3425.1800000000003,3420.82,0.02,0.02
29.03.2021 08:29:07.000 GMT+0100,3424.303,3420.6150000000002,0.0075,0.02
29.03.2021 08:29:20.208 GMT+0100,3425.303,3420.533,0.02,0.02
29.03.2021 08:29:26.328 GMT+0100,3424.5490000000004,3421,0.02,0.02
29.03.2021 08:29:30.504 GMT+0100,3426.426,3420.6150000000002,0.02,0.02
29.03.2021 08:29:30.575 GMT+0100,3425.508,3421,0.0075,0.02
29.03.2021 08:29:30.977 GMT+0100,3426.5490000000004,3421,0.02,0.02
29.03.2021 08:29:34.660 GMT+0100,3425.262,3420.697,0.0075,0.02
29.03.2021 08:29:35.204 GMT+0100,3426.1800000000003,3420.6150000000002,0.02,0.02
29.03.2021 08:29:35.256 GMT+0100,3424.508,3421,0.02,0.02
29.03.2021 08:29:56.732 GMT+0100,3423.262,3420.7790000000005,0.0075,0.02
29.03.2021 08:30:01.802 GMT+0100,3423.303,3418,0.02,0.02
29.03.2021 08:30:03.313 GMT+0100,3421.5490000000004,3417.6150000000002,0.0075,0.0075
29.03.2021 08:30:03.363 GMT+0100,3421.5490000000004,3416.656,0.02,0.02
29.03.2021 08:30:46.867 GMT+0100,3420.262,3416.7790000000005,0.02,0.02
29.03.2021 08:30:53.974 GMT+0100,3420.467,3414.533,0.02,0.02
29.03.2021 08:30:54.025 GMT+0100,3420.426,3417,0.02,0.02
29.03.2021 08:31:32.865 GMT+0100,3421.508,3416.451,0.02,0.02
29.03.2021 08:31:55.320 GMT+0100,3420.426,3416.656,0.0075,0.02
29.03.2021 08:32:23.010 GMT+0100,3419.221,3416.82,0.0075,0.02
29.03.2021 08:32:29.843 GMT+0100,3418.1800000000003,3416.697,0.0075,0.0075
29.03.2021 08:32:29.893 GMT+0100,3418.221,3413.451,0.02,0.02
29.03.2021 08:32:29.944 GMT+0100,3420.467,3414.492,0.02,0.02
29.03.2021 08:32:33.663 GMT+0100,3418,3414.7790000000005,0.0075,0.0075
29.03.2021 08:32:33.714 GMT+0100,3418.303,3413.492,0.02,0.02
29.03.2021 08:33:13.860 GMT+0100,3418.467,3415.6150000000002,0.02,0.0075
29.03.2021 08:33:24.787 GMT+0100,3418.508,3413.656,0.02,0.02
29.03.2021 08:33:24.907 GMT+0100,3416.426,3413.451,0.0075,0.0075
29.03.2021 08:33:24.958 GMT+0100,3416.221,3411.451,0.02,0.02
29.03.2021 08:33:25.067 GMT+0100,3417,3411.5740000000005,0.02,0.02
29.03.2021 08:33:25.437 GMT+0100,3417.3440000000005,3412.6150000000002,0.02,0.0075
29.03.2021 08:33:25.872 GMT+0100,3417.5490000000004,3411.738,0.02,0.02
29.03.2021 08:33:25.988 GMT+0100,3417.221,3412.82,0.02,0.0075
29.03.2021 08:33:30.720 GMT+0100,3417.467,3413.738,0.02,0.02
29.03.2021 08:33:39.595 GMT+0100,3417.262,3414.451,0.02,0.02
29.03.2021 08:33:39.645 GMT+0100,3418.385,3414,0.02,0.02
29.03.2021 08:33:39.728 GMT+0100,3418.426,3414.7790000000005,0.02,0.0075
29.03.2021 08:33:45.471 GMT+0100,3420.3440000000005,3414.738,0.02,0.02
29.03.2021 08:33:45.672 GMT+0100,3420.5490000000004,3415.697,0.02,0.0075
29.03.2021 08:33:46.061 GMT+0100,3420.426,3414.738,0.02,0.02
29.03.2021 08:33:47.545 GMT+0100,3419.426,3415,0.02,0.02
29.03.2021 08:34:08.109 GMT+0100,3419.426,3415.5740000000005,0.02,0.0075
29.03.2021 08:35:10.589 GMT+0100,3419.5490000000004,3414.82,0.02,0.02
29.03.2021 08:35:10.640 GMT+0100,3418,3414.451,0.02,0.02
29.03.2021 08:35:10.988 GMT+0100,3418.3440000000005,3415.5740000000005,0.02,0.0075
29.03.2021 08:35:11.088 GMT+0100,3419.467,3415.533,0.02,0.02
29.03.2021 08:35:15.537 GMT+0100,3418,3415.6150000000002,0.02,0.02
29.03.2021 08:35:18.054 GMT+0100,3419.5490000000004,3415.738,0.02,0.02
29.03.2021 08:35:19.948 GMT+0100,3419.1800000000003,3416.451,0.02,0.02
29.03.2021 08:35:44.675 GMT+0100,3419.303,3415.533,0.02,0.02
29.03.2021 08:35:44.726 GMT+0100,3418.221,3415.5740000000005,0.02,0.02
29.03.2021 08:36:25.124 GMT+0100,3419.221,3415.738,0.02,0.02
29.03.2021 08:36:25.668 GMT+0100,3418.5490000000004,3415.7790000000005,0.02,0.02
29.03.2021 08:36:53.182 GMT+0100,3419.508,3415.492,0.02,0.02
29.03.2021 08:37:17.749 GMT+0100,3418.426,3415.5740000000005,0.02,0.02
29.03.2021 08:38:10.052 GMT+0100,3417.5490000000004,3415.451,0.0075,0.02
29.03.2021 08:38:24.480 GMT+0100,3416.5490000000004,3414.738,0.02,0.02
29.03.2021 08:38:48.983 GMT+0100,3416.303,3411.738,0.02,0.02
29.03.2021 08:39:01.022 GMT+0100,3416.385,3413,0.02,0.0075
29.03.2021 08:39:01.664 GMT+0100,3416.385,3412,0.02,0.02
29.03.2021 08:39:03.760 GMT+0100,3415.5490000000004,3412,0.0075,0.02
29.03.2021 08:39:18.677 GMT+0100,3415.467,3412.6150000000002,0.02,0.0075
29.03.2021 08:39:42.260 GMT+0100,3414.262,3412.738,0.0075,0.02
29.03.2021 08:39:45.021 GMT+0100,3414.385,3411.5740000000005,0.02,0.02
29.03.2021 08:39:46.456 GMT+0100,3414.221,3412.492,0.02,0.0075
29.03.2021 08:40:00.256 GMT+0100,3414,3411.82,0.02,0.02
29.03.2021 08:40:01.920 GMT+0100,3414.385,3412.5740000000005,0.02,0.0075
29.03.2021 08:40:03.932 GMT+0100,3415.426,3412.7790000000005,0.02,0.02
29.03.2021 08:40:04.074 GMT+0100,3414.467,3412.492,0.0075,0.02
29.03.2021 08:40:04.175 GMT+0100,3415.5490000000004,3412.6150000000002,0.02,0.02
29.03.2021 08:40:38.643 GMT+0100,3418.221,3413.492,0.02,0.02
29.03.2021 08:40:38.794 GMT+0100,3418.221,3412.533,0.02,0.02
29.03.2021 08:40:45.049 GMT+0100,3418.426,3413.656,0.02,0.0075
29.03.2021 08:41:04.015 GMT+0100,3417.303,3414,0.0075,0.02
29.03.2021 08:41:07.257 GMT+0100,3416.385,3413.656,0.0075,0.0075
29.03.2021 08:41:07.307 GMT+0100,3416.5490000000004,3412.5740000000005,0.02,0.02
29.03.2021 08:41:07.370 GMT+0100,3417.5490000000004,3412.492,0.02,0.02
29.03.2021 08:41:12.768 GMT+0100,3416,3412.5740000000005,0.0075,0.02
29.03.2021 08:41:56.922 GMT+0100,3420.508,3415.6150000000002,0.02,0.02
29.03.2021 08:41:58.253 GMT+0100,3420,3416.492,0.02,0.02
29.03.2021 08:42:03.446 GMT+0100,3421.303,3416.697,0.02,0.02
29.03.2021 08:42:15.775 GMT+0100,3419,3416.82,0.0075,0.0075
29.03.2021 08:42:15.826 GMT+0100,3419.1800000000003,3414.6150000000002,0.02,0.02
29.03.2021 08:42:18.988 GMT+0100,3419.262,3416.5740000000005,0.02,0.0075
29.03.2021 08:42:23.271 GMT+0100,3420.426,3416.82,0.02,0.02
29.03.2021 08:42:23.328 GMT+0100,3420.262,3417.738,0.0075,0.0075
29.03.2021 08:42:23.378 GMT+0100,3421.262,3417.7790000000005,0.02,0.02
29.03.2021 08:42:24.193 GMT+0100,3420.467,3417.533,0.02,0.02
29.03.2021 08:42:33.000 GMT+0100,3420.385,3416.697,0.02,0.02
29.03.2021 08:42:35.062 GMT+0100,3420.221,3418,0.02,0.0075
29.03.2021 08:44:01.858 GMT+0100,3420.3440000000005,3419,0.02,0.0075
29.03.2021 08:44:04.582 GMT+0100,3420.262,3417.697,0.02,0.02
29.03.2021 08:44:22.659 GMT+0100,3425.3440000000005,3418.5740000000005,0.02,0.02
29.03.2021 08:44:33.326 GMT+0100,3425.426,3420.738,0.02,0.02
29.03.2021 08:44:33.981 GMT+0100,3425.303,3421.492,0.02,0.0075
29.03.2021 08:44:34.202 GMT+0100,3425,3420.738,0.02,0.02
29.03.2021 08:44:34.335 GMT+0100,3425.303,3421.533,0.02,0.02
29.03.2021 08:44:46.929 GMT+0100,3425.467,3422.6150000000002,0.02,0.0075
29.03.2021 08:44:47.089 GMT+0100,3425.508,3421.738,0.02,0.02
29.03.2021 08:45:19.948 GMT+0100,3421.3440000000005,3417.451,0.02,0.02
29.03.2021 08:45:41.620 GMT+0100,3420.1800000000003,3417.6150000000002,0.0075,0.0075
29.03.2021 08:45:41.670 GMT+0100,3421.508,3417.5740000000005,0.02,0.02
29.03.2021 08:45:42.562 GMT+0100,3420.5490000000004,3417.6150000000002,0.0075,0.02
29.03.2021 08:45:50.125 GMT+0100,3421.5490000000004,3417.82,0.02,0.02
29.03.2021 08:45:50.982 GMT+0100,3422,3419.656,0.02,0.02
29.03.2021 08:47:13.240 GMT+0100,3424.3440000000005,3419.451,0.02,0.02
29.03.2021 08:47:13.290 GMT+0100,3424.426,3420.451,0.02,0.02
29.03.2021 08:47:20.475 GMT+0100,3424.467,3422,0.02,0.0075
29.03.2021 08:47:24.058 GMT+0100,3425.262,3421.738,0.02,0.02
29.03.2021 08:47:27.444 GMT+0100,3425.1800000000003,3423,0.02,0.02
29.03.2021 08:48:00.520 GMT+0100,3424.385,3422.451,0.02,0.02
29.03.2021 08:48:03.695 GMT+0100,3425.467,3422.6150000000002,0.02,0.02
29.03.2021 08:48:13.434 GMT+0100,3427.1800000000003,3423.697,0.02,0.02
29.03.2021 08:48:13.533 GMT+0100,3427.385,3424.656,0.0075,0.0075
29.03.2021 08:48:13.583 GMT+0100,3429.467,3424.451,0.02,0.02
29.03.2021 08:48:14.136 GMT+0100,3428.426,3424.656,0.0075,0.02
29.03.2021 08:48:14.410 GMT+0100,3429.5490000000004,3424.656,0.02,0.02
29.03.2021 08:48:14.656 GMT+0100,3428.1800000000003,3424.6150000000002,0.0075,0.02
29.03.2021 08:48:14.706 GMT+0100,3429.5490000000004,3424.533,0.02,0.02
29.03.2021 08:48:15.651 GMT+0100,3428.426,3424.6150000000002,0.0075,0.02
29.03.2021 08:48:16.275 GMT+0100,3429.221,3424.5740000000005,0.02,0.02
29.03.2021 08:48:25.353 GMT+0100,3428.508,3424.451,0.0075,0.02
29.03.2021 08:48:27.068 GMT+0100,3429.221,3424.738,0.02,0.02
29.03.2021 08:48:29.278 GMT+0100,3429.385,3426.7790000000005,0.02,0.02
29.03.2021 08:48:30.954 GMT+0100,3429.467,3424.6150000000002,0.02,0.02
29.03.2021 08:48:31.004 GMT+0100,3429.385,3425.82,0.02,0.02
29.03.2021 08:48:31.404 GMT+0100,3429.3440000000005,3424.656,0.02,0.02
29.03.2021 08:48:32.477 GMT+0100,3429.5490000000004,3426.82,0.02,0.0075
29.03.2021 08:48:34.468 GMT+0100,3431.221,3426.82,0.02,0.02
29.03.2021 08:48:52.798 GMT+0100,3429.5490000000004,3426.738,0.0075,0.02
29.03.2021 08:49:21.255 GMT+0100,3429.467,3424.5740000000005,0.02,0.02
29.03.2021 08:49:25.264 GMT+0100,3429.262,3426,0.02,0.0075
29.03.2021 08:49:30.273 GMT+0100,3429.426,3426.451,0.02,0.0075
29.03.2021 08:49:30.382 GMT+0100,3429.385,3425.697,0.02,0.02
29.03.2021 08:49:32.291 GMT+0100,3429.262,3424.6150000000002,0.02,0.02
29.03.2021 08:49:32.514 GMT+0100,3429,3423.533,0.02,0.02
29.03.2021 08:49:32.565 GMT+0100,3429.467,3424.451,0.02,0.02
29.03.2021 08:49:32.615 GMT+0100,3429.1800000000003,3423.533,0.02,0.02
29.03.2021 08:49:32.792 GMT+0100,3429.3440000000005,3424.6150000000002,0.02,0.0075
29.03.2021 08:50:17.254 GMT+0100,3429.426,3423.5740000000005,0.02,0.02
29.03.2021 08:50:17.526 GMT+0100,3429.303,3424.533,0.02,0.02
29.03.2021 08:50:49.186 GMT+0100,3429.426,3425.451,0.02,0.0075
29.03.2021 08:50:53.990 GMT+0100,3428.3440000000005,3423.697,0.02,0.02
29.03.2021 08:50:59.392 GMT+0100,3428.3440000000005,3424.82,0.02,0.0075
29.03.2021 08:51:05.415 GMT+0100,3428,3423.533,0.02,0.02
29.03.2021 08:51:06.124 GMT+0100,3428.467,3425,0.02,0.02
29.03.2021 08:51:22.784 GMT+0100,3428.303,3425.492,0.02,0.0075
29.03.2021 08:51:35.327 GMT+0100,3427,3425.7790000000005,0.0075,0.02
29.03.2021 08:52:05.079 GMT+0100,3426,3423.82,0.02,0.02
29.03.2021 08:52:05.178 GMT+0100,3426.303,3423,0.02,0.02
29.03.2021 08:52:05.651 GMT+0100,3426.385,3423.5740000000005,0.02,0.02
29.03.2021 08:52:05.761 GMT+0100,3426.1800000000003,3422.82,0.02,0.02
29.03.2021 08:52:05.945 GMT+0100,3426.1800000000003,3423.451,0.02,0.0075
29.03.2021 08:52:06.045 GMT+0100,3426.5490000000004,3421.6150000000002,0.02,0.02
29.03.2021 08:52:08.264 GMT+0100,3425.262,3421.533,0.02,0.02
29.03.2021 08:52:13.948 GMT+0100,3425.385,3422.82,0.02,0.02
29.03.2021 08:52:14.386 GMT+0100,3425.303,3423.451,0.02,0.0075
29.03.2021 08:52:30.813 GMT+0100,3425.262,3421.656,0.02,0.02
29.03.2021 08:52:32.619 GMT+0100,3425.3440000000005,3422.82,0.02,0.02
29.03.2021 08:53:03.066 GMT+0100,3425.467,3423.492,0.0075,0.0075
29.03.2021 08:53:03.117 GMT+0100,3426.303,3423.82,0.02,0.02
29.03.2021 08:53:03.217 GMT+0100,3426.1800000000003,3422.738,0.02,0.02
29.03.2021 08:53:03.843 GMT+0100,3426.221,3424,0.02,0.0075
29.03.2021 08:53:49.146 GMT+0100,3425.5490000000004,3423.738,0.0075,0.0075
29.03.2021 08:53:49.196 GMT+0100,3425.3440000000005,3422.533,0.02,0.02
29.03.2021 08:53:49.297 GMT+0100,3425.3440000000005,3420.738,0.02,0.02
29.03.2021 08:53:49.365 GMT+0100,3425.303,3422.451,0.02,0.0075
29.03.2021 08:54:06.151 GMT+0100,3426.1800000000003,3422.738,0.02,0.02
29.03.2021 08:54:06.386 GMT+0100,3426.1800000000003,3424.492,0.02,0.0075
29.03.2021 08:55:07.164 GMT+0100,3425,3421.5740000000005,0.02,0.02
29.03.2021 08:55:18.825 GMT+0100,3425.508,3420.533,0.02,0.02
29.03.2021 08:55:37.127 GMT+0100,3424.467,3420.492,0.0075,0.02
29.03.2021 08:55:44.924 GMT+0100,3424,3421.451,0.02,0.0075
29.03.2021 08:55:45.024 GMT+0100,3425,3420.492,0.02,0.02
29.03.2021 08:56:12.574 GMT+0100,3425.467,3421.5740000000005,0.02,0.0075
29.03.2021 08:56:13.780 GMT+0100,3425.303,3420.82,0.02,0.02
29.03.2021 08:56:20.655 GMT+0100,3423.5490000000004,3420.451,0.0075,0.0075
29.03.2021 08:56:20.705 GMT+0100,3423.1800000000003,3418.697,0.02,0.02
29.03.2021 08:56:35.161 GMT+0100,3424.5490000000004,3418.492,0.02,0.02
29.03.2021 08:56:35.212 GMT+0100,3424.262,3419.6150000000002,0.02,0.02
29.03.2021 08:56:35.605 GMT+0100,3424,3420.7790000000005,0.02,0.02
29.03.2021 08:56:35.991 GMT+0100,3424.508,3419.533,0.02,0.02
29.03.2021 08:56:36.155 GMT+0100,3424.303,3420.5740000000005,0.02,0.0075
29.03.2021 08:56:36.256 GMT+0100,3424.221,3421.697,0.02,0.02
29.03.2021 08:56:36.306 GMT+0100,3424.426,3420.738,0.02,0.02
29.03.2021 08:56:38.322 GMT+0100,3424.385,3422.451,0.02,0.0075
29.03.2021 08:56:51.684 GMT+0100,3425.3440000000005,3422.697,0.02,0.02
29.03.2021 08:57:08.216 GMT+0100,3424.3440000000005,3422.7790000000005,0.0075,0.0075
29.03.2021 08:57:08.266 GMT+0100,3424.426,3418.656,0.02,0.02
29.03.2021 08:57:08.758 GMT+0100,3424.426,3420.6150000000002,0.02,0.0075
29.03.2021 08:57:08.808 GMT+0100,3424.5490000000004,3419.738,0.02,0.02
29.03.2021 08:57:09.138 GMT+0100,3425.385,3419.492,0.02,0.02
29.03.2021 08:57:10.551 GMT+0100,3424,3420.697,0.02,0.02
29.03.2021 08:57:10.936 GMT+0100,3424.1800000000003,3421.82,0.02,0.0075
29.03.2021 08:57:24.920 GMT+0100,3426.426,3421.451,0.02,0.02
29.03.2021 08:57:31.841 GMT+0100,3425.221,3421.7790000000005,0.02,0.02
29.03.2021 08:58:00.161 GMT+0100,3425,3423.492,0.02,0.02
29.03.2021 08:58:11.910 GMT+0100,3425.5490000000004,3421.451,0.02,0.02
29.03.2021 08:58:11.961 GMT+0100,3425.262,3420.7790000000005,0.02,0.02
29.03.2021 08:58:13.811 GMT+0100,3425.508,3421.451,0.02,0.02
29.03.2021 08:59:02.259 GMT+0100,3425.1800000000003,3422.82,0.02,0.02
29.03.2021 08:59:03.298 GMT+0100,3425.385,3421.697,0.02,0.02
29.03.2021 08:59:04.324 GMT+0100,3425.1800000000003,3422.697,0.02,0.02
29.03.2021 08:59:06.365 GMT+0100,3425.467,3421.451,0.02,0.02
29.03.2021 08:59:11.179 GMT+0100,3425.508,3422.5740000000005,0.02,0.0075
29.03.2021 09:00:15.577 GMT+0100,3425.3440000000005,3420.82,0.02,0.02
29.03.2021 09:00:15.627 GMT+0100,3424.508,3420.5740000000005,0.02,0.02
29.03.2021 09:01:28.010 GMT+0100,3424.262,3419.82,0.02,0.02
29.03.2021 09:01:44.843 GMT+0100,3424.262,3421.5740000000005,0.02,0.0075
29.03.2021 09:01:45.207 GMT+0100,3424.262,3419.7790000000005,0.02,0.02
29.03.2021 09:02:14.156 GMT+0100,3423.1800000000003,3419.7790000000005,0.0075,0.02
29.03.2021 09:02:14.775 GMT+0100,3424.262,3419.697,0.02,0.02
29.03.2021 09:02:14.991 GMT+0100,3423.385,3419.82,0.0075,0.02
29.03.2021 09:02:21.057 GMT+0100,3423.1800000000003,3418.697,0.02,0.02
29.03.2021 09:02:34.913 GMT+0100,3422.508,3416.697,0.02,0.02
29.03.2021 09:02:36.168 GMT+0100,3421.467,3416.6150000000002,0.0075,0.02
29.03.2021 09:02:41.119 GMT+0100,3421.303,3416,0.02,0.02
29.03.2021 09:02:41.650 GMT+0100,3421.508,3416.533,0.02,0.0075
29.03.2021 09:02:44.074 GMT+0100,3421.262,3418.451,0.02,0.0075
29.03.2021 09:02:44.175 GMT+0100,3421.5490000000004,3416.5740000000005,0.02,0.02
29.03.2021 09:02:47.641 GMT+0100,3421.426,3418.82,0.02,0.0075
29.03.2021 09:02:52.190 GMT+0100,3421.303,3416.82,0.02,0.02
29.03.2021 09:02:54.186 GMT+0100,3421,3419,0.02,0.0075
29.03.2021 09:02:56.257 GMT+0100,3421.5490000000004,3416.697,0.02,0.02
29.03.2021 09:02:56.869 GMT+0100,3421.426,3418.82,0.02,0.0075
29.03.2021 09:02:56.970 GMT+0100,3421,3416.451,0.02,0.02
29.03.2021 09:02:57.690 GMT+0100,3421.262,3418.738,0.02,0.0075
29.03.2021 09:03:34.150 GMT+0100,3420.262,3418.738,0.02,0.02
29.03.2021 09:03:34.200 GMT+0100,3420.508,3416.5740000000005,0.02,0.02
29.03.2021 09:03:38.176 GMT+0100,3419.303,3417,0.0075,0.02
29.03.2021 09:04:11.879 GMT+0100,3420.303,3415.82,0.02,0.02
29.03.2021 09:04:13.779 GMT+0100,3420.426,3414.533,0.02,0.02
29.03.2021 09:04:14.120 GMT+0100,3419.221,3416.451,0.0075,0.0075
29.03.2021 09:05:20.767 GMT+0100,3419.426,3415.6150000000002,0.01,0.01
29.03.2021 09:05:21.320 GMT+0100,3419.508,3416.7790000000005,0.02,0.0075
29.03.2021 09:05:54.469 GMT+0100,3418.303,3414.82,0.02,0.02
29.03.2021 09:05:54.578 GMT+0100,3419,3414.5740000000005,0.02,0.02
29.03.2021 09:05:55.142 GMT+0100,3419.221,3416.82,0.02,0.02
29.03.2021 09:06:14.536 GMT+0100,3420.262,3418.6150000000002,0.02,0.02
29.03.2021 09:06:15.370 GMT+0100,3420.3440000000005,3418,0.02,0.02
29.03.2021 09:06:19.213 GMT+0100,3420.1800000000003,3418.82,0.0075,0.0075
29.03.2021 09:06:19.264 GMT+0100,3421.262,3417.656,0.02,0.02
29.03.2021 09:06:19.749 GMT+0100,3421.303,3419.7790000000005,0.02,0.0075
29.03.2021 09:06:19.800 GMT+0100,3421.508,3417.5740000000005,0.02,0.02
29.03.2021 09:06:25.495 GMT+0100,3421,3419.82,0.02,0.0075
29.03.2021 09:06:55.400 GMT+0100,3421.3440000000005,3417.82,0.02,0.02
29.03.2021 09:06:57.842 GMT+0100,3421.467,3419.451,0.02,0.02
29.03.2021 09:07:29.017 GMT+0100,3423.3440000000005,3419.82,0.02,0.02
29.03.2021 09:07:41.062 GMT+0100,3423.221,3420.697,0.02,0.0075
29.03.2021 09:07:41.113 GMT+0100,3425.221,3421.656,0.02,0.02
29.03.2021 09:07:41.238 GMT+0100,3424.5490000000004,3420.82,0.02,0.0075
29.03.2021 09:07:41.289 GMT+0100,3424.3440000000005,3419.82,0.02,0.02
29.03.2021 09:08:17.239 GMT+0100,3424.385,3420.492,0.02,0.0075
29.03.2021 09:08:20.009 GMT+0100,3424.508,3419.492,0.02,0.02
29.03.2021 09:08:31.337 GMT+0100,3424.508,3420.6150000000002,0.02,0.0075
29.03.2021 09:08:32.664 GMT+0100,3423.5490000000004,3420.451,0.0075,0.02
29.03.2021 09:09:17.923 GMT+0100,3422.426,3420.451,0.0075,0.0075
29.03.2021 09:09:17.974 GMT+0100,3422.426,3420,0.02,0.02
29.03.2021 09:09:26.927 GMT+0100,3422.426,3418.738,0.02,0.02
29.03.2021 09:09:26.977 GMT+0100,3422,3419.6150000000002,0.02,0.02
29.03.2021 09:09:27.027 GMT+0100,3422.426,3418.5740000000005,0.02,0.02
29.03.2021 09:09:28.389 GMT+0100,3422.467,3420,0.02,0.0075
29.03.2021 09:10:06.057 GMT+0100,3423.467,3419.656,0.02,0.02
29.03.2021 09:10:50.061 GMT+0100,3422.221,3419.738,0.02,0.02
29.03.2021 09:12:14.712 GMT+0100,3423.262,3420.656,0.01,0.01
29.03.2021 09:12:14.817 GMT+0100,3423.385,3419.7790000000005,0.02,0.02
29.03.2021 09:12:41.135 GMT+0100,3422.426,3419.5740000000005,0.0075,0.02
29.03.2021 09:13:11.271 GMT+0100,3423.467,3419.451,0.02,0.02
29.03.2021 09:13:24.936 GMT+0100,3422.508,3419.6150000000002,0.0075,0.02
29.03.2021 09:13:55.658 GMT+0100,3424.3440000000005,3421.738,0.02,0.02
29.03.2021 09:13:55.709 GMT+0100,3424.385,3421,0.02,0.02
29.03.2021 09:13:56.215 GMT+0100,3424.385,3419.656,0.02,0.02
29.03.2021 09:13:56.265 GMT+0100,3424.262,3420.451,0.02,0.02
29.03.2021 09:13:56.690 GMT+0100,3424.467,3419.656,0.02,0.02
29.03.2021 09:14:00.860 GMT+0100,3424.5490000000004,3420.533,0.02,0.0075
29.03.2021 09:14:34.949 GMT+0100,3423.1800000000003,3420.492,0.0075,0.02
29.03.2021 09:15:10.624 GMT+0100,3422.5490000000004,3420.533,0.0075,0.0075
29.03.2021 09:15:10.674 GMT+0100,3422.385,3419.7790000000005,0.02,0.02
29.03.2021 09:17:55.397 GMT+0100,3421.1800000000003,3419.738,0.02,0.02
29.03.2021 09:17:55.448 GMT+0100,3421.467,3417.492,0.02,0.02
29.03.2021 09:18:20.735 GMT+0100,3420.221,3417.5740000000005,0.0075,0.02
29.03.2021 09:18:20.836 GMT+0100,3421.467,3417.82,0.02,0.02
29.03.2021 09:18:20.886 GMT+0100,3420.3440000000005,3417.451,0.02,0.02
29.03.2021 09:18:47.035 GMT+0100,3419.262,3417.5740000000005,0.0075,0.02
29.03.2021 09:18:47.622 GMT+0100,3420.262,3417.533,0.02,0.02
29.03.2021 09:18:59.206 GMT+0100,3419.508,3417.697,0.0075,0.02
29.03.2021 09:19:20.988 GMT+0100,3420.467,3417.656,0.02,0.02
29.03.2021 09:19:40.229 GMT+0100,3421.221,3417.451,0.02,0.02
29.03.2021 09:19:48.395 GMT+0100,3420,3417.451,0.02,0.02
29.03.2021 09:20:09.101 GMT+0100,3420,3415.738,0.02,0.02
29.03.2021 09:20:12.558 GMT+0100,3420,3417.533,0.02,0.02
29.03.2021 09:20:14.619 GMT+0100,3420.5490000000004,3418.6150000000002,0.02,0.0075
29.03.2021 09:20:18.661 GMT+0100,3421.426,3418.5740000000005,0.02,0.02
29.03.2021 09:21:18.147 GMT+0100,3420.467,3418.5740000000005,0.0075,0.02
29.03.2021 09:21:28.033 GMT+0100,3422.426,3418.697,0.02,0.02
29.03.2021 09:21:29.519 GMT+0100,3422.385,3421,0.02,0.0075
29.03.2021 09:21:38.839 GMT+0100,3423.508,3420.6150000000002,0.02,0.02
29.03.2021 09:21:40.069 GMT+0100,3423.426,3421.533,0.02,0.02
29.03.2021 09:21:40.936 GMT+0100,3423.1800000000003,3420.533,0.02,0.02
29.03.2021 09:21:40.986 GMT+0100,3422.1800000000003,3420.492,0.02,0.02
29.03.2021 09:21:42.029 GMT+0100,3422.303,3417.5740000000005,0.02,0.02
29.03.2021 09:21:46.723 GMT+0100,3422.262,3418.697,0.02,0.0075
29.03.2021 09:21:47.226 GMT+0100,3422.1800000000003,3419.7790000000005,0.02,0.0075
29.03.2021 09:22:54.060 GMT+0100,3421,3419.533,0.0075,0.0075
29.03.2021 09:22:54.110 GMT+0100,3421.508,3417.7790000000005,0.02,0.02
29.03.2021 09:22:54.161 GMT+0100,3420,3418,0.02,0.02
29.03.2021 09:23:09.570 GMT+0100,3421.3440000000005,3418,0.02,0.02
29.03.2021 09:23:09.621 GMT+0100,3421.508,3418.656,0.02,0.02
29.03.2021 09:23:11.910 GMT+0100,3421.221,3418,0.02,0.02
29.03.2021 09:23:18.189 GMT+0100,3421.508,3418.492,0.0075,0.0075
29.03.2021 09:23:18.243 GMT+0100,3423.508,3419.533,0.02,0.02
29.03.2021 09:23:18.456 GMT+0100,3423.303,3420.697,0.02,0.0075
29.03.2021 09:23:18.616 GMT+0100,3423.426,3418.656,0.02,0.02
29.03.2021 09:23:18.666 GMT+0100,3423.385,3419.492,0.02,0.02
29.03.2021 09:23:28.951 GMT+0100,3422.508,3419.492,0.02,0.02
29.03.2021 09:23:34.113 GMT+0100,3421.303,3419.533,0.02,0.02
29.03.2021 09:23:34.230 GMT+0100,3422.508,3419.5740000000005,0.02,0.02
29.03.2021 09:24:16.657 GMT+0100,3423.467,3419.7790000000005,0.02,0.02
29.03.2021 09:24:16.732 GMT+0100,3422.467,3419.533,0.0075,0.02
29.03.2021 09:24:16.782 GMT+0100,3423.303,3420,0.02,0.02
29.03.2021 09:24:20.089 GMT+0100,3422.467,3419.82,0.02,0.02
29.03.2021 09:25:29.919 GMT+0100,3420.221,3419.6150000000002,0.0075,0.0075
29.03.2021 09:25:29.970 GMT+0100,3420.303,3417.492,0.02,0.02
29.03.2021 09:25:30.131 GMT+0100,3421.508,3418.697,0.02,0.0075
29.03.2021 09:25:30.232 GMT+0100,3421.262,3417.5740000000005,0.02,0.02
29.03.2021 09:25:30.920 GMT+0100,3421,3418.5740000000005,0.02,0.0075
29.03.2021 09:25:31.036 GMT+0100,3421.508,3417.738,0.02,0.02
29.03.2021 09:25:32.172 GMT+0100,3421.221,3418.492,0.02,0.0075
29.03.2021 09:25:33.310 GMT+0100,3422.508,3419.451,0.02,0.02
29.03.2021 09:25:33.424 GMT+0100,3422.3440000000005,3418.451,0.02,0.02
29.03.2021 09:25:33.570 GMT+0100,3422.467,3419.82,0.02,0.0075
29.03.2021 09:25:39.343 GMT+0100,3422.508,3420.697,0.02,0.0075
29.03.2021 09:25:50.111 GMT+0100,3423.467,3420.7790000000005,0.02,0.02
29.03.2021 09:25:50.727 GMT+0100,3422.426,3421,0.0075,0.02
29.03.2021 09:25:55.083 GMT+0100,3423.426,3420.82,0.02,0.02
29.03.2021 09:25:55.881 GMT+0100,3423,3421.451,0.02,0.02
29.03.2021 09:25:57.301 GMT+0100,3424,3421.533,0.02,0.02
29.03.2021 09:25:57.352 GMT+0100,3424.467,3422.7790000000005,0.02,0.02
29.03.2021 09:26:00.022 GMT+0100,3425.385,3422.5740000000005,0.02,0.02
29.03.2021 09:26:02.910 GMT+0100,3426.303,3422.451,0.02,0.02
29.03.2021 09:26:09.195 GMT+0100,3426.385,3424.738,0.02,0.0075
29.03.2021 09:26:10.641 GMT+0100,3427.262,3424.7790000000005,0.02,0.02
29.03.2021 09:26:15.368 GMT+0100,3426.221,3424.451,0.0075,0.0075
29.03.2021 09:26:15.418 GMT+0100,3425.385,3422.5740000000005,0.02,0.02
29.03.2021 09:26:16.627 GMT+0100,3426.221,3422.533,0.02,0.02
29.03.2021 09:26:16.678 GMT+0100,3427.1800000000003,3422.492,0.02,0.02
29.03.2021 09:26:17.656 GMT+0100,3427.426,3424.492,0.02,0.0075
29.03.2021 09:26:47.776 GMT+0100,3427.508,3425.82,0.02,0.0075
29.03.2021 09:26:52.255 GMT+0100,3427.5490000000004,3424.7790000000005,0.02,0.02
29.03.2021 09:26:55.227 GMT+0100,3427.5490000000004,3423.7790000000005,0.02,0.02
29.03.2021 09:26:55.277 GMT+0100,3426.467,3423.6150000000002,0.02,0.02
29.03.2021 09:26:56.818 GMT+0100,3426.221,3424.7790000000005,0.02,0.0075
29.03.2021 09:27:20.100 GMT+0100,3426.1800000000003,3423.533,0.02,0.02
29.03.2021 09:27:20.151 GMT+0100,3425.1800000000003,3422.7790000000005,0.02,0.02
29.03.2021 09:27:25.365 GMT+0100,3424.1800000000003,3423,0.0075,0.02
29.03.2021 09:27:25.416 GMT+0100,3426.467,3422.533,0.02,0.02
29.03.2021 09:27:32.398 GMT+0100,3426.467,3424,0.02,0.0075
29.03.2021 09:27:34.711 GMT+0100,3426.262,3423,0.02,0.02
29.03.2021 09:28:00.340 GMT+0100,3426.221,3423.6150000000002,0.02,0.0075
29.03.2021 09:28:00.490 GMT+0100,3427.467,3423.533,0.02,0.02
29.03.2021 09:28:00.541 GMT+0100,3426.262,3422.7790000000005,0.02,0.02
29.03.2021 09:28:05.608 GMT+0100,3427.5490000000004,3424,0.02,0.02
29.03.2021 09:28:06.439 GMT+0100,3427.426,3424.5740000000005,0.02,0.02
29.03.2021 09:28:12.970 GMT+0100,3428.1800000000003,3424.5740000000005,0.02,0.02
29.03.2021 09:28:21.136 GMT+0100,3427.303,3424.697,0.0075,0.02
29.03.2021 09:29:31.727 GMT+0100,3427.508,3425.451,0.02,0.0075
29.03.2021 09:29:31.778 GMT+0100,3429.508,3425.82,0.02,0.02
29.03.2021 09:29:32.495 GMT+0100,3428.508,3426,0.0075,0.02
29.03.2021 09:29:34.034 GMT+0100,3428.221,3426.533,0.02,0.0075
29.03.2021 09:29:37.667 GMT+0100,3429.262,3427,0.02,0.02
29.03.2021 09:29:38.052 GMT+0100,3431.426,3426.533,0.02,0.02
29.03.2021 09:29:39.853 GMT+0100,3429.467,3426.656,0.0075,0.02
29.03.2021 09:29:40.558 GMT+0100,3429.303,3427.5740000000005,0.02,0.02
29.03.2021 09:29:45.060 GMT+0100,3429.385,3426.492,0.02,0.02
29.03.2021 09:30:01.098 GMT+0100,3428.385,3427,0.0075,0.0075
29.03.2021 09:30:01.148 GMT+0100,3428.1800000000003,3424.5740000000005,0.02,0.02
29.03.2021 09:30:01.924 GMT+0100,3427.221,3424.82,0.0075,0.02
29.03.2021 09:30:38.499 GMT+0100,3427.1800000000003,3423.492,0.02,0.02
29.03.2021 09:30:45.532 GMT+0100,3426.262,3423.82,0.0075,0.0075
29.03.2021 09:30:45.582 GMT+0100,3426,3422.7790000000005,0.02,0.02
29.03.2021 09:32:28.144 GMT+0100,3425.467,3422.7790000000005,0.02,0.02
29.03.2021 09:32:28.284 GMT+0100,3426.221,3423,0.02,0.02
29.03.2021 09:32:35.025 GMT+0100,3425.303,3422.533,0.0075,0.02
29.03.2021 09:33:08.724 GMT+0100,3424.467,3423,0.0075,0.02
29.03.2021 09:33:11.095 GMT+0100,3422.3440000000005,3417.7790000000005,0.02,0.02
29.03.2021 09:33:12.861 GMT+0100,3422.426,3418.492,0.02,0.0075
29.03.2021 09:35:07.937 GMT+0100,3422.5490000000004,3419.533,0.02,0.0075
29.03.2021 09:35:20.543 GMT+0100,3421.262,3418.451,0.02,0.02
29.03.2021 09:35:24.909 GMT+0100,3420.508,3419,0.0075,0.0075
29.03.2021 09:35:24.959 GMT+0100,3420.385,3415.738,0.02,0.02
29.03.2021 09:35:25.010 GMT+0100,3419.508,3415.697,0.02,0.02
29.03.2021 09:35:25.606 GMT+0100,3420.467,3415.7790000000005,0.02,0.02
29.03.2021 09:35:26.931 GMT+0100,3420.3440000000005,3417,0.02,0.0075
29.03.2021 09:35:27.136 GMT+0100,3420.5490000000004,3417.738,0.02,0.0075
29.03.2021 09:35:51.088 GMT+0100,3420.1800000000003,3418.5740000000005,0.02,0.0075
29.03.2021 09:35:52.689 GMT+0100,3421.221,3419.5740000000005,0.02,0.02
29.03.2021 09:35:53.262 GMT+0100,3421.221,3418.6150000000002,0.02,0.02
29.03.2021 09:35:54.591 GMT+0100,3421.303,3419.697,0.02,0.0075
29.03.2021 09:35:54.642 GMT+0100,3422.467,3419.5740000000005,0.02,0.02
29.03.2021 09:35:55.070 GMT+0100,3423.303,3421.656,0.02,0.02
29.03.2021 09:35:55.166 GMT+0100,3424.385,3421.492,0.02,0.02
29.03.2021 09:35:56.532 GMT+0100,3424.3440000000005,3422.7790000000005,0.02,0.02
29.03.2021 09:35:56.911 GMT+0100,3425.3440000000005,3422.7790000000005,0.02,0.02
29.03.2021 09:35:59.724 GMT+0100,3426.508,3424.533,0.02,0.02
29.03.2021 09:36:00.809 GMT+0100,3427.303,3424.492,0.02,0.02
29.03.2021 09:36:01.340 GMT+0100,3427.303,3425.492,0.02,0.02
29.03.2021 09:36:01.450 GMT+0100,3427.1800000000003,3424.738,0.02,0.02
29.03.2021 09:36:03.073 GMT+0100,3427.426,3425.492,0.0075,0.0075
29.03.2021 09:36:03.123 GMT+0100,3428,3425.492,0.02,0.02
29.03.2021 09:36:03.224 GMT+0100,3428.426,3424.6150000000002,0.02,0.02
29.03.2021 09:36:03.587 GMT+0100,3428.385,3425.738,0.02,0.02
29.03.2021 09:36:04.183 GMT+0100,3428,3426.5740000000005,0.02,0.0075
29.03.2021 09:36:05.574 GMT+0100,3429.262,3424.6150000000002,0.02,0.02
29.03.2021 09:36:05.844 GMT+0100,3429.467,3425.492,0.02,0.0075
29.03.2021 09:36:06.090 GMT+0100,3429.426,3426.5740000000005,0.02,0.02
29.03.2021 09:36:07.377 GMT+0100,3428.262,3426.492,0.02,0.02
29.03.2021 09:36:07.618 GMT+0100,3429.385,3426.7790000000005,0.02,0.02
29.03.2021 09:36:08.461 GMT+0100,3429.508,3427.5740000000005,0.02,0.0075
29.03.2021 09:36:09.040 GMT+0100,3429.221,3426.451,0.02,0.02
29.03.2021 09:36:09.974 GMT+0100,3430.3440000000005,3427.492,0.02,0.02
29.03.2021 09:36:10.111 GMT+0100,3430.1800000000003,3426.451,0.02,0.02
29.03.2021 09:36:11.104 GMT+0100,3429.426,3426.451,0.02,0.02
29.03.2021 09:36:12.586 GMT+0100,3430.467,3426.82,0.02,0.02
29.03.2021 09:36:12.637 GMT+0100,3429,3426.7790000000005,0.02,0.02
29.03.2021 09:36:13.627 GMT+0100,3430.467,3426.5740000000005,0.02,0.02
29.03.2021 09:36:14.433 GMT+0100,3429.1800000000003,3425.533,0.02,0.02
29.03.2021 09:36:14.782 GMT+0100,3430.262,3425.738,0.02,0.02
29.03.2021 09:36:16.762 GMT+0100,3430.262,3426.656,0.02,0.0075
29.03.2021 09:36:16.862 GMT+0100,3430.303,3425.738,0.02,0.02
29.03.2021 09:36:17.050 GMT+0100,3430.508,3426.656,0.02,0.02
29.03.2021 09:36:17.101 GMT+0100,3430,3425.82,0.02,0.02
29.03.2021 09:36:17.337 GMT+0100,3430.385,3427.533,0.0075,0.0075
29.03.2021 09:36:17.387 GMT+0100,3431.385,3427.533,0.02,0.02
29.03.2021 09:36:18.034 GMT+0100,3432.426,3428.738,0.02,0.02
29.03.2021 09:36:18.084 GMT+0100,3432.508,3427.533,0.02,0.02
29.03.2021 09:36:18.161 GMT+0100,3431.467,3427.738,0.02,0.02
29.03.2021 09:36:18.397 GMT+0100,3431.262,3428.656,0.02,0.02
29.03.2021 09:36:19.520 GMT+0100,3434,3429.533,0.02,0.02
29.03.2021 09:36:19.571 GMT+0100,3434.303,3428.738,0.02,0.02
29.03.2021 09:36:19.621 GMT+0100,3432.3440000000005,3428.533,0.02,0.02
29.03.2021 09:36:19.869 GMT+0100,3432.385,3429.82,0.02,0.02
29.03.2021 09:36:21.603 GMT+0100,3432.5490000000004,3428.492,0.02,0.02
29.03.2021 09:36:21.657 GMT+0100,3432.221,3429.492,0.02,0.02
29.03.2021 09:36:23.541 GMT+0100,3434.3440000000005,3430.697,0.02,0.02
29.03.2021 09:36:23.635 GMT+0100,3434,3429.6150000000002,0.02,0.02
29.03.2021 09:36:23.945 GMT+0100,3434.221,3431.6150000000002,0.02,0.0075
29.03.2021 09:36:25.655 GMT+0100,3433.426,3431.697,0.0075,0.0075
29.03.2021 09:36:25.705 GMT+0100,3433.221,3429.656,0.02,0.02
29.03.2021 09:36:25.756 GMT+0100,3432.467,3430,0.02,0.02
29.03.2021 09:36:26.221 GMT+0100,3432.221,3430.451,0.02,0.0075
29.03.2021 09:36:26.271 GMT+0100,3432.385,3429.697,0.02,0.02
29.03.2021 09:36:28.272 GMT+0100,3432.467,3431,0.02,0.0075
29.03.2021 09:36:31.959 GMT+0100,3432,3429.738,0.02,0.02
29.03.2021 09:36:32.009 GMT+0100,3431.303,3429.656,0.0075,0.02
29.03.2021 09:36:32.174 GMT+0100,3432.467,3429.6150000000002,0.02,0.02
29.03.2021 09:36:36.852 GMT+0100,3431.426,3429.6150000000002,0.02,0.02
29.03.2021 09:36:37.214 GMT+0100,3433.303,3429.697,0.02,0.02
29.03.2021 09:36:38.849 GMT+0100,3432.467,3429.7790000000005,0.0075,0.02
29.03.2021 09:36:41.168 GMT+0100,3431.3440000000005,3430,0.02,0.02
29.03.2021 09:36:44.874 GMT+0100,3431.221,3429,0.02,0.02
29.03.2021 09:37:10.562 GMT+0100,3426.5490000000004,3421.738,0.02,0.02
29.03.2021 09:37:14.978 GMT+0100,3426.385,3423,0.02,0.02
29.03.2021 09:37:17.108 GMT+0100,3429.426,3424.656,0.02,0.02
29.03.2021 09:37:17.262 GMT+0100,3430.262,3424.82,0.02,0.02
29.03.2021 09:37:18.133 GMT+0100,3430.467,3423.451,0.02,0.02
29.03.2021 09:37:18.184 GMT+0100,3429.5490000000004,3423.533,0.02,0.02
29.03.2021 09:37:20.362 GMT+0100,3430.467,3424.656,0.02,0.02
29.03.2021 09:37:20.524 GMT+0100,3428.3440000000005,3424.656,0.02,0.0075
29.03.2021 09:37:20.574 GMT+0100,3428.221,3424,0.02,0.02
29.03.2021 09:37:27.122 GMT+0100,3427.5490000000004,3423.6150000000002,0.02,0.02
29.03.2021 09:37:35.186 GMT+0100,3427,3424.533,0.02,0.02
29.03.2021 09:37:35.332 GMT+0100,3426.262,3424.7790000000005,0.0075,0.02
29.03.2021 09:37:35.382 GMT+0100,3427.385,3424.656,0.02,0.02
29.03.2021 09:37:35.713 GMT+0100,3426.1800000000003,3424.7790000000005,0.02,0.02
29.03.2021 09:37:41.629 GMT+0100,3426.303,3421,0.02,0.02
29.03.2021 09:37:41.715 GMT+0100,3425.3440000000005,3420.451,0.0075,0.02
29.03.2021 09:37:47.124 GMT+0100,3425.221,3421.656,0.02,0.0075
29.03.2021 09:37:47.174 GMT+0100,3425.3440000000005,3420.5740000000005,0.02,0.02
29.03.2021 09:37:49.737 GMT+0100,3425.1800000000003,3421.6150000000002,0.02,0.0075
29.03.2021 09:37:52.598 GMT+0100,3425.467,3421,0.02,0.02
29.03.2021 09:38:04.066 GMT+0100,3425.1800000000003,3421.451,0.02,0.0075
29.03.2021 09:38:07.712 GMT+0100,3425.262,3420.697,0.02,0.02
29.03.2021 09:38:25.740 GMT+0100,3425.221,3421.738,0.02,0.02
29.03.2021 09:38:40.262 GMT+0100,3424,3421.492,0.0075,0.02
29.03.2021 09:38:40.362 GMT+0100,3425.3440000000005,3421.533,0.02,0.02
29.03.2021 09:38:44.437 GMT+0100,3424,3421.451,0.02,0.02
29.03.2021 09:38:51.072 GMT+0100,3425.303,3421.7790000000005,0.02,0.02
29.03.2021 09:38:54.047 GMT+0100,3424.262,3421.82,0.02,0.02
29.03.2021 09:39:29.435 GMT+0100,3424.5490000000004,3423,0.02,0.0075
29.03.2021 09:39:31.140 GMT+0100,3424.3440000000005,3421.533,0.02,0.02
29.03.2021 09:39:32.628 GMT+0100,3423.508,3420.738,0.02,0.02
29.03.2021 09:39:53.570 GMT+0100,3423.426,3418.451,0.02,0.02
29.03.2021 09:40:09.011 GMT+0100,3422.221,3418.7790000000005,0.02,0.02
29.03.2021 09:40:10.003 GMT+0100,3423.508,3419.6150000000002,0.02,0.02
29.03.2021 09:40:10.876 GMT+0100,3423.221,3421,0.02,0.0075
29.03.2021 09:41:18.803 GMT+0100,3427,3422.451,0.02,0.02
29.03.2021 09:41:18.871 GMT+0100,3426.1800000000003,3422.656,0.02,0.02
29.03.2021 09:41:18.982 GMT+0100,3426.508,3421.533,0.02,0.02
29.03.2021 09:41:19.344 GMT+0100,3426.426,3422.5740000000005,0.02,0.0075
29.03.2021 09:41:21.591 GMT+0100,3426.467,3422,0.02,0.02
29.03.2021 09:41:23.358 GMT+0100,3426.5490000000004,3422.5740000000005,0.02,0.0075
29.03.2021 09:41:23.876 GMT+0100,3426.221,3423.6150000000002,0.02,0.0075
29.03.2021 09:41:23.977 GMT+0100,3426.3440000000005,3422.738,0.02,0.02
29.03.2021 09:41:25.264 GMT+0100,3426.221,3423.6150000000002,0.02,0.0075
29.03.2021 09:41:29.770 GMT+0100,3427.5490000000004,3423.6150000000002,0.02,0.02
29.03.2021 09:41:40.013 GMT+0100,3426.508,3423.738,0.0075,0.02
29.03.2021 09:41:53.089 GMT+0100,3427,3423.6150000000002,0.02,0.02
29.03.2021 09:41:57.007 GMT+0100,3426.262,3423.451,0.0075,0.02
29.03.2021 09:43:00.470 GMT+0100,3425.467,3423.5740000000005,0.0075,0.02
29.03.2021 09:43:01.405 GMT+0100,3426.221,3423.7790000000005,0.02,0.02
29.03.2021 09:43:30.599 GMT+0100,3425.221,3423.533,0.02,0.02
29.03.2021 09:43:30.649 GMT+0100,3426,3423.82,0.02,0.02
29.03.2021 09:44:00.522 GMT+0100,3425.221,3423.697,0.02,0.02
29.03.2021 09:44:13.525 GMT+0100,3426.426,3423.738,0.02,0.02
29.03.2021 09:44:26.866 GMT+0100,3426.385,3424.6150000000002,0.02,0.02
29.03.2021 09:45:24.133 GMT+0100,3426.1800000000003,3423.451,0.02,0.02
29.03.2021 09:45:26.936 GMT+0100,3426.467,3424.5740000000005,0.02,0.0075
29.03.2021 09:45:29.387 GMT+0100,3429.303,3424.7790000000005,0.02,0.02
29.03.2021 09:45:29.620 GMT+0100,3427.426,3424.492,0.02,0.02
29.03.2021 09:45:30.736 GMT+0100,3427.262,3425.6150000000002,0.02,0.0075
29.03.2021 09:45:32.044 GMT+0100,3429.1800000000003,3427,0.02,0.02
29.03.2021 09:45:32.169 GMT+0100,3428.385,3427,0.0075,0.02
29.03.2021 09:45:32.634 GMT+0100,3428.1800000000003,3425.738,0.02,0.02
29.03.2021 09:45:38.945 GMT+0100,3428.221,3426.492,0.02,0.0075
29.03.2021 09:45:38.996 GMT+0100,3428.5490000000004,3425.697,0.02,0.02
29.03.2021 09:45:39.096 GMT+0100,3428.1800000000003,3423.533,0.02,0.02
29.03.2021 09:45:42.328 GMT+0100,3427.303,3423.451,0.0075,0.02
29.03.2021 09:45:47.000 GMT+0100,3426.5490000000004,3423.533,0.0075,0.02
29.03.2021 09:45:57.056 GMT+0100,3425,3423.82,0.0075,0.02
29.03.2021 09:46:34.155 GMT+0100,3425.1800000000003,3421.533,0.02,0.02
29.03.2021 09:46:34.205 GMT+0100,3424.221,3421.7790000000005,0.02,0.02
29.03.2021 09:46:34.256 GMT+0100,3424.508,3420.451,0.02,0.02
29.03.2021 09:46:55.589 GMT+0100,3424.385,3421.697,0.02,0.0075
29.03.2021 09:46:55.785 GMT+0100,3424.3440000000005,3420.6150000000002,0.02,0.02
29.03.2021 09:46:57.086 GMT+0100,3424.385,3419.82,0.02,0.02
29.03.2021 09:46:57.136 GMT+0100,3423.221,3419.7790000000005,0.02,0.02
29.03.2021 09:46:57.427 GMT+0100,3423.3440000000005,3420.451,0.0075,0.0075
29.03.2021 09:46:57.478 GMT+0100,3426.5490000000004,3421.6150000000002,0.02,0.02
29.03.2021 09:46:57.843 GMT+0100,3426.508,3422.82,0.02,0.0075
29.03.2021 09:47:44.556 GMT+0100,3425.5490000000004,3422.656,0.02,0.02
29.03.2021 09:47:54.577 GMT+0100,3424.467,3422.656,0.0075,0.0075
29.03.2021 09:47:54.628 GMT+0100,3424.3440000000005,3419.492,0.02,0.02
29.03.2021 09:48:02.368 GMT+0100,3424.303,3420.5740000000005,0.02,0.0075
29.03.2021 09:48:02.468 GMT+0100,3424.3440000000005,3419.656,0.02,0.02
29.03.2021 09:48:08.051 GMT+0100,3423.303,3418.697,0.02,0.02
29.03.2021 09:48:13.576 GMT+0100,3423.5490000000004,3419.533,0.02,0.0075
29.03.2021 09:48:41.073 GMT+0100,3422.467,3419.6150000000002,0.02,0.02
29.03.2021 09:48:57.094 GMT+0100,3422,3417.697,0.02,0.02
29.03.2021 09:48:58.073 GMT+0100,3422.303,3418.656,0.02,0.0075
29.03.2021 09:49:09.059 GMT+0100,3422.426,3417.5740000000005,0.02,0.02
29.03.2021 09:49:20.291 GMT+0100,3421.385,3417.6150000000002,0.02,0.02
29.03.2021 09:49:29.007 GMT+0100,3421,3418.656,0.02,0.02
29.03.2021 09:49:29.114 GMT+0100,3421.262,3418,0.02,0.02
29.03.2021 09:49:50.662 GMT+0100,3421.221,3419.656,0.0075,0.0075
29.03.2021 09:49:50.713 GMT+0100,3424.262,3419.5740000000005,0.02,0.02
29.03.2021 09:49:50.924 GMT+0100,3424.3440000000005,3421.697,0.02,0.0075
29.03.2021 09:49:52.770 GMT+0100,3425.303,3421.697,0.02,0.02
29.03.2021 09:49:58.720 GMT+0100,3425.385,3422.656,0.02,0.0075
29.03.2021 09:50:14.072 GMT+0100,3424.1800000000003,3422.82,0.0075,0.0075
29.03.2021 09:50:14.123 GMT+0100,3424.385,3421.7790000000005,0.02,0.02
29.03.2021 09:50:14.552 GMT+0100,3425.5490000000004,3421.82,0.02,0.02
29.03.2021 09:50:15.530 GMT+0100,3424.508,3421.5740000000005,0.0075,0.02
29.03.2021 09:50:15.974 GMT+0100,3424.221,3422.738,0.0075,0.0075
29.03.2021 09:50:16.024 GMT+0100,3427.3440000000005,3422.697,0.02,0.02
29.03.2021 09:50:19.104 GMT+0100,3427.1800000000003,3423.5740000000005,0.02,0.0075
29.03.2021 09:50:24.143 GMT+0100,3428.385,3423.533,0.02,0.02
29.03.2021 09:50:24.193 GMT+0100,3427.426,3423.656,0.02,0.02
29.03.2021 09:50:24.341 GMT+0100,3427,3424.5740000000005,0.02,0.0075
29.03.2021 09:50:24.615 GMT+0100,3427.1800000000003,3423.738,0.02,0.02
29.03.2021 09:50:27.208 GMT+0100,3427.262,3425,0.02,0.0075
29.03.2021 09:50:27.309 GMT+0100,3427.426,3423.5740000000005,0.02,0.02
29.03.2021 09:50:29.153 GMT+0100,3427.385,3425.492,0.02,0.02
29.03.2021 09:50:41.363 GMT+0100,3427.385,3423.451,0.02,0.02
29.03.2021 09:50:44.675 GMT+0100,3427.262,3422.6150000000002,0.02,0.02
29.03.2021 09:50:45.282 GMT+0100,3427.221,3424.6150000000002,0.02,0.0075
29.03.2021 09:50:45.383 GMT+0100,3427.303,3422.451,0.02,0.02
29.03.2021 09:51:23.112 GMT+0100,3427.221,3424.533,0.02,0.02
29.03.2021 09:51:23.163 GMT+0100,3427.508,3424,0.02,0.02
29.03.2021 09:51:23.223 GMT+0100,3427.1800000000003,3424.451,0.02,0.0075
29.03.2021 09:51:24.709 GMT+0100,3427.262,3423.6150000000002,0.02,0.02
29.03.2021 09:51:25.859 GMT+0100,3427.426,3424.82,0.02,0.02
29.03.2021 09:51:27.441 GMT+0100,3427.221,3425.6150000000002,0.02,0.0075
29.03.2021 09:51:30.565 GMT+0100,3429.303,3425.492,0.02,0.02
29.03.2021 09:52:20.535 GMT+0100,3428.221,3425.7790000000005,0.0075,0.0075
29.03.2021 09:52:20.585 GMT+0100,3428.385,3424.6150000000002,0.02,0.02
29.03.2021 09:52:20.636 GMT+0100,3427.5490000000004,3423.451,0.02,0.02
29.03.2021 09:52:25.870 GMT+0100,3427.262,3424.533,0.02,0.02
29.03.2021 09:52:26.010 GMT+0100,3429.5490000000004,3424.82,0.02,0.02
29.03.2021 09:52:26.213 GMT+0100,3429.221,3425.492,0.02,0.02
29.03.2021 09:52:32.779 GMT+0100,3429.1800000000003,3424.5740000000005,0.02,0.02
29.03.2021 09:52:39.404 GMT+0100,3428.467,3424.82,0.0075,0.0075
29.03.2021 09:52:39.454 GMT+0100,3428.221,3423.82,0.02,0.02
29.03.2021 09:52:46.961 GMT+0100,3428.5490000000004,3425.6150000000002,0.02,0.0075
29.03.2021 09:52:47.061 GMT+0100,3429.467,3424.451,0.02,0.02
29.03.2021 09:52:57.187 GMT+0100,3428.3440000000005,3424.533,0.0075,0.0075
29.03.2021 09:52:57.237 GMT+0100,3429.221,3423.7790000000005,0.02,0.02
29.03.2021 09:53:14.418 GMT+0100,3429.3440000000005,3424.5740000000005,0.02,0.0075
29.03.2021 09:53:14.544 GMT+0100,3428.3440000000005,3423.533,0.02,0.02
29.03.2021 09:53:19.913 GMT+0100,3428.303,3424.6150000000002,0.02,0.0075
29.03.2021 09:53:20.013 GMT+0100,3429.303,3424.533,0.02,0.02
29.03.2021 09:53:20.064 GMT+0100,3429.426,3423.697,0.02,0.02
29.03.2021 09:53:20.928 GMT+0100,3428.221,3423.82,0.0075,0.02
29.03.2021 09:53:21.120 GMT+0100,3428.426,3424.533,0.0075,0.0075
29.03.2021 09:53:21.170 GMT+0100,3429.262,3424.492,0.02,0.02
29.03.2021 09:53:21.713 GMT+0100,3429.5490000000004,3423.656,0.02,0.02
29.03.2021 09:53:24.337 GMT+0100,3428.5490000000004,3424,0.0075,0.02
29.03.2021 09:53:26.621 GMT+0100,3428.262,3424.5740000000005,0.02,0.0075
29.03.2021 09:53:26.799 GMT+0100,3428.303,3423.492,0.02,0.02
29.03.2021 09:53:32.060 GMT+0100,3428.385,3425,0.02,0.02
29.03.2021 09:54:01.220 GMT+0100,3427.5490000000004,3424.738,0.0075,0.02
29.03.2021 09:54:55.182 GMT+0100,3426,3423.82,0.02,0.02
29.03.2021 09:54:55.233 GMT+0100,3427.385,3423.738,0.02,0.02
29.03.2021 09:54:57.391 GMT+0100,3427,3425.656,0.02,0.0075
29.03.2021 09:54:57.441 GMT+0100,3427.385,3423.82,0.02,0.02
29.03.2021 09:54:57.491 GMT+0100,3427.385,3425,0.02,0.02
29.03.2021 09:54:57.604 GMT+0100,3427.508,3426,0.02,0.02
29.03.2021 09:54:57.712 GMT+0100,3427.303,3423.7790000000005,0.02,0.02
29.03.2021 09:54:59.576 GMT+0100,3427.467,3424.656,0.02,0.0075
29.03.2021 09:54:59.737 GMT+0100,3427,3423.492,0.02,0.02
29.03.2021 09:56:00.329 GMT+0100,3427.5490000000004,3424.7790000000005,0.02,0.0075
29.03.2021 09:56:00.718 GMT+0100,3427.467,3423.533,0.02,0.02
29.03.2021 09:56:01.175 GMT+0100,3427.426,3424.697,0.02,0.02
29.03.2021 09:56:35.878 GMT+0100,3427.5490000000004,3423.5740000000005,0.02,0.02
29.03.2021 09:56:37.120 GMT+0100,3426,3423.82,0.02,0.02
29.03.2021 09:56:37.392 GMT+0100,3427.426,3424,0.02,0.02
29.03.2021 09:56:41.199 GMT+0100,3427,3424.533,0.02,0.0075
29.03.2021 09:56:42.030 GMT+0100,3427.426,3423.451,0.02,0.02
29.03.2021 09:56:45.195 GMT+0100,3426,3423.6150000000002,0.02,0.02
29.03.2021 09:59:09.753 GMT+0100,3427.1800000000003,3423.697,0.02,0.02
29.03.2021 09:59:12.621 GMT+0100,3427.303,3425.697,0.02,0.02
29.03.2021 09:59:16.645 GMT+0100,3427.426,3423.6150000000002,0.02,0.02
29.03.2021 09:59:18.132 GMT+0100,3427.221,3424.492,0.02,0.0075
29.03.2021 09:59:18.233 GMT+0100,3427.467,3424,0.02,0.02
29.03.2021 09:59:18.422 GMT+0100,3427.508,3425.82,0.02,0.0075
29.03.2021 10:00:01.137 GMT+0100,3429.303,3425.697,0.02,0.02
29.03.2021 10:00:09.724 GMT+0100,3428.3440000000005,3425.656,0.02,0.02
29.03.2021 10:00:40.239 GMT+0100,3429.5490000000004,3425.492,0.02,0.02
29.03.2021 10:00:42.168 GMT+0100,3428.1800000000003,3425.82,0.0075,0.02
29.03.2021 10:01:09.664 GMT+0100,3428.262,3424.533,0.02,0.02
29.03.2021 10:01:09.724 GMT+0100,3428.508,3425.7790000000005,0.02,0.0075
29.03.2021 10:02:29.153 GMT+0100,3428.508,3426.697,0.0075,0.0075
29.03.2021 10:02:29.204 GMT+0100,3430.385,3427.7790000000005,0.02,0.02
29.03.2021 10:02:29.311 GMT+0100,3430.221,3426.697,0.02,0.02
29.03.2021 10:02:33.604 GMT+0100,3431.303,3426.533,0.02,0.02
29.03.2021 10:02:33.832 GMT+0100,3431.3440000000005,3428.492,0.02,0.0075
29.03.2021 10:02:34.877 GMT+0100,3432.3440000000005,3429.6150000000002,0.02,0.02
29.03.2021 10:03:00.928 GMT+0100,3432.221,3430.82,0.0075,0.0075
29.03.2021 10:03:00.978 GMT+0100,3433.3440000000005,3430.533,0.02,0.02
29.03.2021 10:03:01.029 GMT+0100,3433.303,3429.6150000000002,0.02,0.02
29.03.2021 10:03:01.966 GMT+0100,3432.508,3429.738,0.0075,0.02
29.03.2021 10:03:02.067 GMT+0100,3433.5490000000004,3429.451,0.02,0.02
29.03.2021 10:03:05.121 GMT+0100,3433.262,3431,0.02,0.02
29.03.2021 10:03:05.232 GMT+0100,3432.221,3429.7790000000005,0.0075,0.02
29.03.2021 10:03:05.283 GMT+0100,3433.1800000000003,3429.738,0.02,0.02
29.03.2021 10:03:14.159 GMT+0100,3431.221,3429.451,0.0075,0.0075
29.03.2021 10:03:14.210 GMT+0100,3431.221,3426.533,0.02,0.02
29.03.2021 10:03:14.260 GMT+0100,3432.262,3428,0.02,0.02
29.03.2021 10:03:14.466 GMT+0100,3432,3428.7790000000005,0.02,0.02
29.03.2021 10:03:16.076 GMT+0100,3432.3440000000005,3429.5740000000005,0.02,0.02
29.03.2021 10:03:16.974 GMT+0100,3433.3440000000005,3429.451,0.02,0.02
29.03.2021 10:03:17.708 GMT+0100,3432.508,3429.656,0.02,0.02
29.03.2021 10:03:27.222 GMT+0100,3432.262,3427.492,0.02,0.02
29.03.2021 10:03:27.273 GMT+0100,3432.3440000000005,3429.7790000000005,0.02,0.02
29.03.2021 10:03:33.860 GMT+0100,3431.5490000000004,3429.7790000000005,0.0075,0.02
29.03.2021 10:03:37.149 GMT+0100,3431.5490000000004,3426.656,0.02,0.02
29.03.2021 10:03:37.556 GMT+0100,3431.467,3427.5740000000005,0.02,0.0075
29.03.2021 10:03:37.607 GMT+0100,3431.5490000000004,3426.697,0.02,0.02
29.03.2021 10:03:43.953 GMT+0100,3431.303,3427.5740000000005,0.02,0.0075
29.03.2021 10:03:50.324 GMT+0100,3431,3428.7790000000005,0.02,0.0075
29.03.2021 10:04:21.072 GMT+0100,3431.467,3429.6150000000002,0.02,0.02
29.03.2021 10:04:21.199 GMT+0100,3432.5490000000004,3429.738,0.02,0.02
29.03.2021 10:04:27.511 GMT+0100,3435.3440000000005,3431,0.02,0.02
29.03.2021 10:04:27.639 GMT+0100,3433.303,3430.451,0.0075,0.0075
29.03.2021 10:04:27.690 GMT+0100,3433.221,3429.5740000000005,0.02,0.02
29.03.2021 10:04:35.140 GMT+0100,3433.1800000000003,3430.451,0.02,0.0075
29.03.2021 10:04:36.140 GMT+0100,3433.5490000000004,3431.533,0.0075,0.02
29.03.2021 10:04:36.190 GMT+0100,3436.221,3431.451,0.02,0.02
29.03.2021 10:04:36.998 GMT+0100,3436.221,3433.6150000000002,0.02,0.0075
29.03.2021 10:04:37.048 GMT+0100,3437.426,3433.533,0.02,0.02
29.03.2021 10:04:43.384 GMT+0100,3437.1800000000003,3431.7790000000005,0.02,0.02
29.03.2021 10:04:44.324 GMT+0100,3438.5490000000004,3435,0.02,0.02
29.03.2021 10:04:45.065 GMT+0100,3437.426,3434.6150000000002,0.02,0.02
29.03.2021 10:04:45.394 GMT+0100,3438.426,3434.533,0.02,0.02
29.03.2021 10:04:45.444 GMT+0100,3437.3440000000005,3434.697,0.02,0.02
29.03.2021 10:04:45.882 GMT+0100,3438.5490000000004,3434.6150000000002,0.02,0.02
29.03.2021 10:04:48.120 GMT+0100,3436.262,3434.492,0.0075,0.02
29.03.2021 10:05:02.631 GMT+0100,3436.303,3431.5740000000005,0.02,0.02
29.03.2021 10:05:07.409 GMT+0100,3435.262,3431.492,0.02,0.02
29.03.2021 10:05:08.820 GMT+0100,3436.303,3433.7790000000005,0.02,0.02
29.03.2021 10:05:21.420 GMT+0100,3438.3440000000005,3433.5740000000005,0.02,0.02
29.03.2021 10:05:21.471 GMT+0100,3439.262,3436.5740000000005,0.02,0.02
29.03.2021 10:05:21.583 GMT+0100,3437.385,3433.7790000000005,0.02,0.02
29.03.2021 10:05:23.592 GMT+0100,3436.385,3433.738,0.02,0.02
29.03.2021 10:05:23.774 GMT+0100,3438.262,3433.7790000000005,0.02,0.02
29.03.2021 10:05:25.675 GMT+0100,3437.508,3433.697,0.02,0.02
29.03.2021 10:05:25.726 GMT+0100,3437.5490000000004,3432.451,0.02,0.02
29.03.2021 10:05:25.776 GMT+0100,3437.3440000000005,3433.656,0.02,0.02
29.03.2021 10:05:25.974 GMT+0100,3437.426,3434.5740000000005,0.02,0.02
29.03.2021 10:06:03.481 GMT+0100,3437.3440000000005,3435.533,0.02,0.02
29.03.2021 10:06:05.994 GMT+0100,3437.508,3436.6150000000002,0.0075,0.0075
29.03.2021 10:06:06.045 GMT+0100,3438.5490000000004,3436.451,0.02,0.02
29.03.2021 10:06:07.554 GMT+0100,3438.5,3437.451,0.0075,0.0075
29.03.2021 10:06:07.605 GMT+0100,3441.467,3437.533,0.02,0.02
29.03.2021 10:06:07.656 GMT+0100,3442.221,3438.533,0.02,0.02
29.03.2021 10:06:07.890 GMT+0100,3440.262,3438.533,0.02,0.02
29.03.2021 10:06:10.511 GMT+0100,3440.467,3437.656,0.02,0.02
29.03.2021 10:06:10.614 GMT+0100,3439.426,3437.7790000000005,0.02,0.02
29.03.2021 10:06:13.692 GMT+0100,3439.221,3435.7790000000005,0.02,0.02
29.03.2021 10:06:16.252 GMT+0100,3439.262,3434.7790000000005,0.02,0.02
29.03.2021 10:06:37.798 GMT+0100,3439.221,3434,0.02,0.02
29.03.2021 10:06:37.899 GMT+0100,3439.5490000000004,3434.492,0.02,0.02
29.03.2021 10:06:59.132 GMT+0100,3439.508,3435.656,0.02,0.0075
29.03.2021 10:07:01.065 GMT+0100,3439.262,3435,0.02,0.02
29.03.2021 10:07:02.630 GMT+0100,3439.221,3435.451,0.02,0.0075
29.03.2021 10:07:02.731 GMT+0100,3439.508,3436.697,0.02,0.02
29.03.2021 10:07:02.781 GMT+0100,3439.385,3435.5740000000005,0.02,0.02
29.03.2021 10:07:04.126 GMT+0100,3439.5490000000004,3436.6150000000002,0.02,0.02
29.03.2021 10:07:05.912 GMT+0100,3440.385,3436.738,0.02,0.02
29.03.2021 10:07:07.170 GMT+0100,3440.262,3437.656,0.02,0.0075
29.03.2021 10:07:07.220 GMT+0100,3442.303,3437.697,0.02,0.02
29.03.2021 10:07:07.370 GMT+0100,3442.5490000000004,3436.7790000000005,0.02,0.02
29.03.2021 10:07:07.834 GMT+0100,3442.221,3438.697,0.02,0.0075
29.03.2021 10:07:09.504 GMT+0100,3443.221,3438.492,0.02,0.02
29.03.2021 10:07:09.647 GMT+0100,3442.5490000000004,3438.492,0.0075,0.02
29.03.2021 10:07:09.747 GMT+0100,3443,3438.492,0.02,0.02
29.03.2021 10:07:16.224 GMT+0100,3442.221,3438.492,0.0075,0.02
29.03.2021 10:07:47.949 GMT+0100,3442.508,3436.5740000000005,0.02,0.02
29.03.2021 10:07:48.000 GMT+0100,3441.5490000000004,3435.82,0.02,0.02
29.03.2021 10:07:49.048 GMT+0100,3440.508,3435.697,0.0075,0.02
29.03.2021 10:07:50.477 GMT+0100,3438.3440000000005,3435,0.02,0.02
29.03.2021 10:08:13.544 GMT+0100,3438,3435.697,0.02,0.0075
29.03.2021 10:08:54.071 GMT+0100,3438.303,3433.533,0.02,0.02
29.03.2021 10:08:57.865 GMT+0100,3438,3432.7790000000005,0.02,0.02
29.03.2021 10:08:57.915 GMT+0100,3436.426,3432.451,0.02,0.02
29.03.2021 10:09:00.379 GMT+0100,3436.508,3431.451,0.02,0.02
29.03.2021 10:09:00.937 GMT+0100,3436.221,3432.738,0.02,0.0075
29.03.2021 10:09:01.975 GMT+0100,3436.303,3431.656,0.02,0.02
29.03.2021 10:09:11.120 GMT+0100,3436,3435.451,0.0075,0.0075
29.03.2021 10:09:11.170 GMT+0100,3438.262,3435.82,0.02,0.02
29.03.2021 10:09:11.221 GMT+0100,3440.3440000000005,3435.6150000000002,0.02,0.02
29.03.2021 10:09:11.271 GMT+0100,3440.3440000000005,3436.82,0.02,0.02
29.03.2021 10:09:11.642 GMT+0100,3440.385,3435.7790000000005,0.02,0.02
29.03.2021 10:09:11.764 GMT+0100,3439.426,3434.7790000000005,0.02,0.02
29.03.2021 10:09:16.256 GMT+0100,3440.3440000000005,3434.7790000000005,0.02,0.02
29.03.2021 10:09:16.973 GMT+0100,3440.1800000000003,3435.451,0.02,0.0075
29.03.2021 10:09:19.017 GMT+0100,3439.426,3435.738,0.0075,0.02
29.03.2021 10:09:20.274 GMT+0100,3440.303,3435.7790000000005,0.02,0.02
29.03.2021 10:09:24.412 GMT+0100,3440.467,3436.7790000000005,0.0075,0.0075
29.03.2021 10:09:48.860 GMT+0100,3439.303,3436.656,0.0075,0.02
29.03.2021 10:09:48.961 GMT+0100,3440,3436.656,0.02,0.02
29.03.2021 10:10:08.046 GMT+0100,3439.3440000000005,3435.697,0.02,0.02
29.03.2021 10:10:09.810 GMT+0100,3438.3440000000005,3435.7790000000005,0.02,0.02
29.03.2021 10:10:50.519 GMT+0100,3438.426,3433.5740000000005,0.02,0.02
29.03.2021 10:10:51.970 GMT+0100,3437.3440000000005,3433.451,0.0075,0.0075
29.03.2021 10:10:52.020 GMT+0100,3437.221,3432.656,0.02,0.02
29.03.2021 10:10:52.160 GMT+0100,3436.1800000000003,3432.738,0.0075,0.02
29.03.2021 10:10:53.944 GMT+0100,3436.467,3433.451,0.02,0.0075
29.03.2021 10:10:55.984 GMT+0100,3436.1800000000003,3432.6150000000002,0.02,0.02
29.03.2021 10:10:57.592 GMT+0100,3436.303,3431.82,0.02,0.02
29.03.2021 10:10:57.861 GMT+0100,3436.385,3432.533,0.02,0.0075
29.03.2021 10:10:59.776 GMT+0100,3436.385,3433.6150000000002,0.02,0.0075
29.03.2021 10:11:41.871 GMT+0100,3437.467,3433.656,0.02,0.02
29.03.2021 10:11:43.175 GMT+0100,3437.385,3434.533,0.0075,0.0075
29.03.2021 10:11:43.225 GMT+0100,3439.5490000000004,3434.82,0.02,0.02
29.03.2021 10:11:44.762 GMT+0100,3439.1800000000003,3436,0.02,0.0075
29.03.2021 10:11:52.082 GMT+0100,3437.1800000000003,3435.533,0.02,0.02
29.03.2021 10:11:52.137 GMT+0100,3440.467,3436.492,0.02,0.02
29.03.2021 10:11:52.374 GMT+0100,3439.262,3435.492,0.02,0.02
29.03.2021 10:11:53.260 GMT+0100,3439.3440000000005,3436.697,0.02,0.0075
29.03.2021 10:11:54.271 GMT+0100,3439.3440000000005,3437.533,0.02,0.0075
29.03.2021 10:11:54.372 GMT+0100,3439.5490000000004,3436.656,0.02,0.02
29.03.2021 10:12:24.509 GMT+0100,3439,3435.5740000000005,0.02,0.02
29.03.2021 10:12:24.559 GMT+0100,3438.303,3435.7790000000005,0.02,0.02
29.03.2021 10:12:29.527 GMT+0100,3438.508,3434.5740000000005,0.02,0.02
29.03.2021 10:12:31.502 GMT+0100,3437.385,3433,0.0075,0.02
29.03.2021 10:12:35.262 GMT+0100,3439.467,3434.533,0.02,0.02
29.03.2021 10:12:40.541 GMT+0100,3440.508,3435.6150000000002,0.02,0.02
29.03.2021 10:12:40.591 GMT+0100,3440.3440000000005,3434.82,0.02,0.02
29.03.2021 10:12:42.062 GMT+0100,3439.5490000000004,3434.533,0.0075,0.02
29.03.2021 10:12:42.213 GMT+0100,3438.467,3435.697,0.02,0.02
29.03.2021 10:12:44.389 GMT+0100,3438.3440000000005,3436.738,0.02,0.0075
29.03.2021 10:12:50.347 GMT+0100,3438.426,3435,0.02,0.02
29.03.2021 10:12:50.729 GMT+0100,3438.303,3433.533,0.02,0.02
29.03.2021 10:12:59.383 GMT+0100,3437.426,3433.492,0.02,0.02
29.03.2021 10:13:17.368 GMT+0100,3437.385,3432.533,0.02,0.02
29.03.2021 10:13:17.784 GMT+0100,3437.303,3433.6150000000002,0.02,0.02
29.03.2021 10:13:44.096 GMT+0100,3436.221,3433.5740000000005,0.02,0.02
29.03.2021 10:14:26.958 GMT+0100,3438.385,3434.533,0.02,0.02
29.03.2021 10:14:27.461 GMT+0100,3438.508,3436,0.02,0.0075
29.03.2021 10:15:14.241 GMT+0100,3437.221,3435.451,0.02,0.02
29.03.2021 10:15:14.292 GMT+0100,3438.426,3435.656,0.02,0.02
29.03.2021 10:15:14.342 GMT+0100,3437.426,3435.533,0.02,0.02
29.03.2021 10:15:14.447 GMT+0100,3438.1800000000003,3435.5740000000005,0.02,0.02
29.03.2021 10:15:28.964 GMT+0100,3439.508,3437.492,0.02,0.02
29.03.2021 10:15:29.014 GMT+0100,3439.385,3435.738,0.02,0.02
29.03.2021 10:15:29.225 GMT+0100,3439,3436.6150000000002,0.02,0.02
29.03.2021 10:15:29.506 GMT+0100,3439.303,3435.451,0.02,0.02
29.03.2021 10:15:30.168 GMT+0100,3439.303,3436.656,0.02,0.0075
29.03.2021 10:15:35.580 GMT+0100,3439.221,3437.697,0.02,0.0075
29.03.2021 10:15:40.460 GMT+0100,3439.5,3438.738,0.0075,0.0075
29.03.2021 10:15:40.511 GMT+0100,3442.1800000000003,3438.6150000000002,0.02,0.02
29.03.2021 10:15:40.561 GMT+0100,3442.508,3439.5740000000005,0.02,0.02
29.03.2021 10:15:40.662 GMT+0100,3442.3440000000005,3438.697,0.02,0.02
29.03.2021 10:15:42.385 GMT+0100,3442.1800000000003,3439.5740000000005,0.02,0.0075
29.03.2021 10:15:43.001 GMT+0100,3442.262,3440.738,0.02,0.0075
29.03.2021 10:15:43.785 GMT+0100,3444.426,3440.7790000000005,0.02,0.02
29.03.2021 10:15:43.844 GMT+0100,3443.221,3440.7790000000005,0.0075,0.02
29.03.2021 10:15:44.012 GMT+0100,3443.467,3441.533,0.02,0.0075
29.03.2021 10:15:47.708 GMT+0100,3444.385,3441.7790000000005,0.02,0.02
29.03.2021 10:15:47.808 GMT+0100,3444.385,3440.82,0.02,0.02
29.03.2021 10:15:49.954 GMT+0100,3444.262,3439.656,0.02,0.02
29.03.2021 10:15:52.711 GMT+0100,3444,3442,0.02,0.02
29.03.2021 10:15:53.540 GMT+0100,3444.385,3442.7790000000005,0.02,0.0075
29.03.2021 10:15:53.826 GMT+0100,3445.467,3442.533,0.02,0.02
29.03.2021 10:15:54.806 GMT+0100,3445.508,3443.656,0.02,0.02
29.03.2021 10:15:55.610 GMT+0100,3445.508,3441.533,0.02,0.02
29.03.2021 10:15:55.764 GMT+0100,3446.221,3443.451,0.02,0.0075
29.03.2021 10:15:58.905 GMT+0100,3446.1800000000003,3441.533,0.02,0.02
29.03.2021 10:15:58.955 GMT+0100,3446.221,3444,0.02,0.02
29.03.2021 10:15:59.005 GMT+0100,3445.426,3440.451,0.02,0.02
29.03.2021 10:15:59.072 GMT+0100,3444.221,3440.6150000000002,0.0075,0.02
29.03.2021 10:15:59.255 GMT+0100,3444.262,3439.451,0.02,0.02
29.03.2021 10:16:18.395 GMT+0100,3442.221,3438.656,0.02,0.02
29.03.2021 10:16:18.445 GMT+0100,3442,3437.5740000000005,0.02,0.02
29.03.2021 10:16:20.003 GMT+0100,3442.508,3438.697,0.02,0.0075
29.03.2021 10:16:25.995 GMT+0100,3441.5490000000004,3435.492,0.02,0.02
29.03.2021 10:16:26.096 GMT+0100,3441.467,3436.738,0.02,0.0075
29.03.2021 10:16:34.120 GMT+0100,3441.262,3437.7790000000005,0.0075,0.0075
29.03.2021 10:16:34.171 GMT+0100,3442,3437.533,0.02,0.02
29.03.2021 10:16:37.312 GMT+0100,3442.385,3436.82,0.02,0.02
29.03.2021 10:16:39.328 GMT+0100,3441.3440000000005,3438,0.0075,0.0075
29.03.2021 10:16:42.648 GMT+0100,3441.5490000000004,3436.7790000000005,0.02,0.02
29.03.2021 10:16:44.203 GMT+0100,3441.467,3438,0.02,0.02
29.03.2021 10:16:44.419 GMT+0100,3442.467,3437.451,0.02,0.02
29.03.2021 10:16:46.261 GMT+0100,3442.426,3436.738,0.02,0.02
29.03.2021 10:16:46.320 GMT+0100,3441.1800000000003,3436.7790000000005,0.0075,0.02
29.03.2021 10:16:47.789 GMT+0100,3441,3437.697,0.02,0.0075
29.03.2021 10:16:51.146 GMT+0100,3440.385,3438,0.02,0.02
29.03.2021 10:16:51.293 GMT+0100,3439.426,3437.533,0.0075,0.02
29.03.2021 10:16:51.344 GMT+0100,3441.221,3437.82,0.02,0.02
29.03.2021 10:16:51.429 GMT+0100,3440.262,3437.533,0.0075,0.02
29.03.2021 10:16:51.992 GMT+0100,3441,3438,0.02,0.02
29.03.2021 10:16:54.132 GMT+0100,3440.5490000000004,3437.492,0.0075,0.02
29.03.2021 10:16:59.479 GMT+0100,3440.5490000000004,3435.492,0.02,0.02
29.03.2021 10:17:07.424 GMT+0100,3440.303,3437,0.02,0.0075
29.03.2021 10:17:39.864 GMT+0100,3440.221,3435.533,0.02,0.02
29.03.2021 10:17:39.924 GMT+0100,3440.467,3437.451,0.02,0.0075
29.03.2021 10:17:54.938 GMT+0100,3440.221,3435.533,0.02,0.02
29.03.2021 10:17:56.896 GMT+0100,3440.5490000000004,3437.492,0.02,0.0075
29.03.2021 10:18:11.980 GMT+0100,3440.5490000000004,3436.738,0.02,0.02
29.03.2021 10:18:17.366 GMT+0100,3439.3440000000005,3436.492,0.0075,0.0075
29.03.2021 10:18:17.524 GMT+0100,3438.3440000000005,3435.451,0.02,0.02
29.03.2021 10:20:57.716 GMT+0100,3436.5490000000004,3431.82,0.02,0.02
29.03.2021 10:20:57.766 GMT+0100,3436.385,3433,0.02,0.02
29.03.2021 10:20:57.817 GMT+0100,3437.467,3432.6150000000002,0.02,0.02
29.03.2021 10:20:58.062 GMT+0100,3437.221,3433.656,0.02,0.02
29.03.2021 10:21:00.078 GMT+0100,3437.467,3434.7790000000005,0.0075,0.0075
29.03.2021 10:21:00.128 GMT+0100,3438.303,3434.738,0.02,0.02
29.03.2021 10:21:00.179 GMT+0100,3438.426,3436,0.02,0.02
29.03.2021 10:21:15.182 GMT+0100,3438.426,3434.533,0.02,0.02
29.03.2021 10:21:16.932 GMT+0100,3438,3435.6150000000002,0.02,0.02
29.03.2021 10:21:33.852 GMT+0100,3437,3435.533,0.0075,0.02
29.03.2021 10:22:01.497 GMT+0100,3438.1800000000003,3435.5740000000005,0.02,0.02
29.03.2021 10:22:11.732 GMT+0100,3437.221,3435.533,0.0075,0.02
29.03.2021 10:22:11.783 GMT+0100,3438.262,3436,0.02,0.02
29.03.2021 10:22:21.434 GMT+0100,3437.467,3435.5740000000005,0.0075,0.02
29.03.2021 10:22:21.485 GMT+0100,3437.221,3433.5740000000005,0.02,0.02
29.03.2021 10:22:22.532 GMT+0100,3438.262,3434.82,0.02,0.02
29.03.2021 10:22:25.120 GMT+0100,3438.385,3435.7790000000005,0.02,0.0075
29.03.2021 10:22:25.171 GMT+0100,3441.467,3437,0.02,0.02
29.03.2021 10:22:25.308 GMT+0100,3441.1800000000003,3437.5740000000005,0.02,0.0075
29.03.2021 10:22:25.409 GMT+0100,3440.221,3438,0.02,0.02
29.03.2021 10:22:25.911 GMT+0100,3440.385,3435.7790000000005,0.02,0.02
29.03.2021 10:22:25.961 GMT+0100,3439.508,3435.738,0.02,0.02
29.03.2021 10:22:26.082 GMT+0100,3439.303,3436.656,0.02,0.0075
29.03.2021 10:22:34.532 GMT+0100,3438.221,3436.533,0.0075,0.0075
29.03.2021 10:22:34.582 GMT+0100,3438.262,3435.451,0.02,0.02
29.03.2021 10:22:42.228 GMT+0100,3438.1800000000003,3437,0.02,0.0075
29.03.2021 10:22:42.278 GMT+0100,3441.1800000000003,3437.6150000000002,0.02,0.02
29.03.2021 10:22:42.837 GMT+0100,3440.467,3437.82,0.0075,0.02
29.03.2021 10:23:53.677 GMT+0100,3442.262,3439.451,0.02,0.02
29.03.2021 10:23:54.357 GMT+0100,3442.1800000000003,3438.492,0.02,0.02
29.03.2021 10:23:54.911 GMT+0100,3442.426,3437.6150000000002,0.02,0.02
29.03.2021 10:24:03.541 GMT+0100,3442,3438.533,0.02,0.0075
29.03.2021 10:24:03.715 GMT+0100,3442.508,3437.738,0.02,0.02
29.03.2021 10:24:07.603 GMT+0100,3441,3437.451,0.0075,0.0075
29.03.2021 10:24:14.520 GMT+0100,3441.385,3438.656,0.02,0.02
29.03.2021 10:24:37.048 GMT+0100,3440.3440000000005,3437.697,0.02,0.02
29.03.2021 10:24:37.234 GMT+0100,3441.303,3437.533,0.02,0.02
29.03.2021 10:24:38.832 GMT+0100,3440.426,3437.451,0.0075,0.02
29.03.2021 10:25:49.758 GMT+0100,3439.467,3437.533,0.0075,0.0075
29.03.2021 10:25:49.809 GMT+0100,3439.385,3436.738,0.02,0.02
29.03.2021 10:25:50.686 GMT+0100,3438.303,3436.82,0.0075,0.02
29.03.2021 10:26:05.035 GMT+0100,3438.5490000000004,3435.697,0.02,0.02
29.03.2021 10:26:59.141 GMT+0100,3440.508,3436.7790000000005,0.02,0.02
29.03.2021 10:26:59.192 GMT+0100,3440.426,3435.656,0.02,0.02
29.03.2021 10:26:59.242 GMT+0100,3440.426,3436.533,0.02,0.02
29.03.2021 10:26:59.414 GMT+0100,3440.262,3438.6150000000002,0.02,0.02
29.03.2021 10:26:59.910 GMT+0100,3440.303,3437,0.02,0.02
29.03.2021 10:27:00.731 GMT+0100,3439.221,3436.697,0.0075,0.0075
29.03.2021 10:27:00.781 GMT+0100,3439.262,3435.656,0.02,0.02
29.03.2021 10:27:02.532 GMT+0100,3439.262,3436.6150000000002,0.02,0.02
29.03.2021 10:27:08.384 GMT+0100,3439.3440000000005,3435.82,0.02,0.02
29.03.2021 10:27:08.434 GMT+0100,3438.303,3435.82,0.02,0.02
29.03.2021 10:28:23.746 GMT+0100,3437,3435.6150000000002,0.0075,0.02
29.03.2021 10:28:23.796 GMT+0100,3438,3435.697,0.02,0.02
29.03.2021 10:28:24.323 GMT+0100,3437.1800000000003,3435.697,0.0075,0.0075
29.03.2021 10:28:24.373 GMT+0100,3436.3440000000005,3431.738,0.02,0.02
29.03.2021 10:28:24.648 GMT+0100,3436.262,3432.492,0.02,0.02
29.03.2021 10:28:28.560 GMT+0100,3436,3431.82,0.02,0.02
29.03.2021 10:28:30.190 GMT+0100,3436.426,3432.82,0.02,0.02
29.03.2021 10:28:30.370 GMT+0100,3436.262,3431.738,0.02,0.02
29.03.2021 10:28:35.320 GMT+0100,3436.221,3432.451,0.02,0.0075
29.03.2021 10:28:59.401 GMT+0100,3435.426,3432.6150000000002,0.02,0.02
29.03.2021 10:28:59.451 GMT+0100,3436.467,3432.5740000000005,0.02,0.02
29.03.2021 10:28:59.551 GMT+0100,3434.385,3432.7790000000005,0.02,0.02
29.03.2021 10:28:59.602 GMT+0100,3436.385,3432.5740000000005,0.02,0.02
29.03.2021 10:28:59.662 GMT+0100,3435.221,3432.697,0.0075,0.02
29.03.2021 10:28:59.850 GMT+0100,3436.467,3432.451,0.02,0.02
29.03.2021 10:29:02.954 GMT+0100,3435.426,3432.533,0.0075,0.02
29.03.2021 10:29:05.462 GMT+0100,3435.1800000000003,3433.82,0.0075,0.0075
29.03.2021 10:29:05.512 GMT+0100,3436.385,3433.6150000000002,0.02,0.02
29.03.2021 10:29:35.992 GMT+0100,3435.1800000000003,3432.533,0.02,0.02
29.03.2021 10:29:59.469 GMT+0100,3434.221,3433,0.02,0.0075
29.03.2021 10:29:59.519 GMT+0100,3434.385,3430.6150000000002,0.02,0.02
29.03.2021 10:29:59.794 GMT+0100,3433.262,3430,0.0075,0.02
29.03.2021 10:29:59.844 GMT+0100,3433.508,3428.6150000000002,0.02,0.02
29.03.2021 10:30:00.219 GMT+0100,3432.3440000000005,3429,0.0075,0.02
29.03.2021 10:30:00.319 GMT+0100,3433.262,3428.492,0.02,0.02
29.03.2021 10:30:03.232 GMT+0100,3433.262,3430.82,0.02,0.02
29.03.2021 10:30:03.355 GMT+0100,3434.508,3430.82,0.02,0.02
29.03.2021 10:30:03.416 GMT+0100,3434.262,3431.738,0.02,0.0075
29.03.2021 10:30:03.467 GMT+0100,3434.426,3430.492,0.02,0.02
29.03.2021 10:30:10.384 GMT+0100,3434.467,3432.533,0.02,0.0075
29.03.2021 10:30:33.724 GMT+0100,3433.426,3432.5,0.0075,0.0075
29.03.2021 10:30:33.775 GMT+0100,3433.5490000000004,3429.656,0.02,0.02
29.03.2021 10:30:54.861 GMT+0100,3435.221,3430.697,0.02,0.02
29.03.2021 10:30:55.269 GMT+0100,3435,3432.738,0.02,0.02
29.03.2021 10:30:56.985 GMT+0100,3434.262,3432.6150000000002,0.02,0.02
29.03.2021 10:30:57.376 GMT+0100,3435.1800000000003,3432.82,0.02,0.02
29.03.2021 10:30:57.426 GMT+0100,3435.508,3433.451,0.02,0.02
29.03.2021 10:31:01.335 GMT+0100,3435,3431.738,0.02,0.02
29.03.2021 10:31:01.385 GMT+0100,3434.303,3431.6150000000002,0.02,0.02
29.03.2021 10:31:01.436 GMT+0100,3434.3440000000005,3430.656,0.02,0.02
29.03.2021 10:31:02.539 GMT+0100,3435.467,3431.451,0.02,0.02
29.03.2021 10:31:03.360 GMT+0100,3435.385,3432.7790000000005,0.02,0.0075
29.03.2021 10:31:26.659 GMT+0100,3434.5490000000004,3432.451,0.0075,0.02
29.03.2021 10:31:58.168 GMT+0100,3434.467,3430.656,0.02,0.02
29.03.2021 10:31:58.286 GMT+0100,3433.303,3430.82,0.02,0.02
29.03.2021 10:31:58.336 GMT+0100,3433.221,3429.656,0.02,0.02
29.03.2021 10:32:08.306 GMT+0100,3433.1800000000003,3428.697,0.02,0.02
29.03.2021 10:32:25.975 GMT+0100,3432.1800000000003,3429,0.02,0.02
29.03.2021 10:32:26.076 GMT+0100,3431.262,3428.6150000000002,0.02,0.02
29.03.2021 10:32:26.255 GMT+0100,3431.508,3427.738,0.02,0.02
29.03.2021 10:32:26.360 GMT+0100,3431.426,3428.82,0.02,0.0075
29.03.2021 10:33:01.389 GMT+0100,3431.1800000000003,3429.82,0.0075,0.0075
29.03.2021 10:33:01.440 GMT+0100,3432.426,3429.656,0.02,0.02
29.03.2021 10:33:01.591 GMT+0100,3432.426,3430.656,0.02,0.0075
29.03.2021 10:33:01.641 GMT+0100,3434,3431,0.02,0.02
29.03.2021 10:33:01.720 GMT+0100,3434.262,3431.697,0.02,0.0075
29.03.2021 10:33:04.299 GMT+0100,3435.467,3431.82,0.02,0.02
29.03.2021 10:33:04.350 GMT+0100,3434.3440000000005,3431.82,0.02,0.02
29.03.2021 10:33:04.629 GMT+0100,3434.1800000000003,3430.533,0.02,0.02
29.03.2021 10:33:05.489 GMT+0100,3434.467,3432.5740000000005,0.02,0.0075
29.03.2021 10:33:05.589 GMT+0100,3434.385,3430.738,0.02,0.02
29.03.2021 10:33:05.954 GMT+0100,3433.1800000000003,3430.533,0.0075,0.02
29.03.2021 10:33:14.712 GMT+0100,3433.1800000000003,3429.697,0.02,0.02
29.03.2021 10:33:16.055 GMT+0100,3433.385,3430.451,0.02,0.0075
29.03.2021 10:33:17.401 GMT+0100,3433.262,3431.738,0.02,0.0075
29.03.2021 10:33:49.441 GMT+0100,3434.262,3431.492,0.02,0.02
29.03.2021 10:34:02.988 GMT+0100,3434.1800000000003,3432.738,0.02,0.0075
29.03.2021 10:35:05.851 GMT+0100,3434.221,3433.656,0.0075,0.0075
29.03.2021 10:35:05.901 GMT+0100,3435.5490000000004,3433.451,0.02,0.02
29.03.2021 10:35:06.623 GMT+0100,3435.426,3434.656,0.0075,0.0075
29.03.2021 10:35:06.673 GMT+0100,3436.426,3434.7790000000005,0.02,0.02
29.03.2021 10:35:07.387 GMT+0100,3436.221,3432.656,0.02,0.02
29.03.2021 10:35:09.436 GMT+0100,3435.467,3432.533,0.0075,0.02
29.03.2021 10:36:16.840 GMT+0100,3434.1800000000003,3432.5740000000005,0.0075,0.0075
29.03.2021 10:36:16.891 GMT+0100,3434.426,3430.451,0.02,0.02
29.03.2021 10:36:18.420 GMT+0100,3433.1800000000003,3430.451,0.0075,0.02
29.03.2021 10:36:19.023 GMT+0100,3433.221,3431.738,0.02,0.0075
29.03.2021 10:36:20.643 GMT+0100,3433.5490000000004,3430.82,0.02,0.02
29.03.2021 10:36:22.014 GMT+0100,3433.385,3431.656,0.02,0.0075
29.03.2021 10:36:32.133 GMT+0100,3435.426,3432,0.02,0.02
29.03.2021 10:37:01.385 GMT+0100,3435.1800000000003,3433,0.02,0.0075
29.03.2021 10:37:01.511 GMT+0100,3435.3440000000005,3431.7790000000005,0.02,0.02
29.03.2021 10:38:03.916 GMT+0100,3435.385,3432.533,0.02,0.0075
29.03.2021 10:38:03.966 GMT+0100,3435.508,3431.656,0.02,0.02
29.03.2021 10:38:21.223 GMT+0100,3435,3432.697,0.02,0.02
29.03.2021 10:38:21.370 GMT+0100,3435.221,3431.6150000000002,0.02,0.02
29.03.2021 10:39:32.311 GMT+0100,3435,3432.697,0.02,0.0075
29.03.2021 10:39:32.412 GMT+0100,3435.385,3431.451,0.02,0.02
29.03.2021 10:39:59.056 GMT+0100,3435.3440000000005,3433,0.02,0.0075
29.03.2021 10:40:05.218 GMT+0100,3435.385,3434.451,0.0075,0.0075
29.03.2021 10:40:05.268 GMT+0100,3438.385,3434.5740000000005,0.02,0.02
29.03.2021 10:40:05.368 GMT+0100,3437.467,3434.451,0.02,0.02
29.03.2021 10:40:05.524 GMT+0100,3438.262,3434.6150000000002,0.02,0.02
29.03.2021 10:40:05.762 GMT+0100,3438.467,3435.7790000000005,0.02,0.02
29.03.2021 10:40:07.332 GMT+0100,3437.385,3435.492,0.0075,0.0075
29.03.2021 10:40:07.382 GMT+0100,3437.5490000000004,3432.533,0.02,0.02
29.03.2021 10:40:07.433 GMT+0100,3437,3433.7790000000005,0.02,0.02
29.03.2021 10:40:15.058 GMT+0100,3437,3432.6150000000002,0.02,0.02
29.03.2021 10:40:15.761 GMT+0100,3437.508,3433.738,0.02,0.02
29.03.2021 10:40:16.060 GMT+0100,3437.221,3434.82,0.02,0.0075
29.03.2021 10:43:05.841 GMT+0100,3437.1800000000003,3436.451,0.0075,0.0075
29.03.2021 10:43:05.892 GMT+0100,3438.303,3436.697,0.02,0.02
29.03.2021 10:43:06.545 GMT+0100,3439.385,3435.656,0.02,0.02
29.03.2021 10:43:06.920 GMT+0100,3439.3440000000005,3437,0.02,0.0075
29.03.2021 10:43:12.508 GMT+0100,3438.5490000000004,3436.697,0.0075,0.02
29.03.2021 10:43:19.979 GMT+0100,3438.303,3434.6150000000002,0.02,0.02
29.03.2021 10:43:20.079 GMT+0100,3438.426,3436.656,0.02,0.02
29.03.2021 10:43:20.205 GMT+0100,3438,3434.451,0.02,0.02
29.03.2021 10:43:22.189 GMT+0100,3438.508,3436,0.02,0.0075
29.03.2021 10:43:22.769 GMT+0100,3438.508,3436.6150000000002,0.0075,0.0075
29.03.2021 10:43:22.819 GMT+0100,3439.262,3437,0.02,0.02
29.03.2021 10:43:23.022 GMT+0100,3439.5490000000004,3437.656,0.02,0.02
29.03.2021 10:43:45.105 GMT+0100,3439.1800000000003,3436.82,0.02,0.02
29.03.2021 10:43:55.536 GMT+0100,3439.467,3437.6150000000002,0.02,0.0075
29.03.2021 10:44:01.328 GMT+0100,3440,3437.492,0.02,0.02
29.03.2021 10:44:01.402 GMT+0100,3440.221,3438.738,0.02,0.0075
29.03.2021 10:44:02.064 GMT+0100,3440.262,3440,0.0075,0.0075
29.03.2021 10:44:02.114 GMT+0100,3442.5490000000004,3439.697,0.02,0.02
29.03.2021 10:44:02.165 GMT+0100,3442.303,3440.738,0.02,0.02
29.03.2021 10:44:06.413 GMT+0100,3442.508,3439.6150000000002,0.02,0.02
29.03.2021 10:44:07.990 GMT+0100,3442.5490000000004,3438.5740000000005,0.02,0.02
29.03.2021 10:44:09.560 GMT+0100,3442.1800000000003,3440.533,0.02,0.02
29.03.2021 10:44:24.564 GMT+0100,3442.303,3439,0.02,0.02
29.03.2021 10:44:26.527 GMT+0100,3442.467,3440.492,0.02,0.0075
29.03.2021 10:44:34.520 GMT+0100,3442,3439.6150000000002,0.02,0.02
29.03.2021 10:44:44.476 GMT+0100,3442.426,3440.738,0.02,0.0075
29.03.2021 10:44:55.219 GMT+0100,3441.3440000000005,3440.5,0.0075,0.0075
29.03.2021 10:44:55.269 GMT+0100,3441.262,3437.492,0.02,0.02
29.03.2021 10:45:04.878 GMT+0100,3441.508,3438.82,0.02,0.02
29.03.2021 10:45:07.065 GMT+0100,3441.262,3437.7790000000005,0.02,0.02
29.03.2021 10:45:08.137 GMT+0100,3441.426,3438.656,0.02,0.0075
29.03.2021 10:45:09.928 GMT+0100,3441.1800000000003,3439.5740000000005,0.02,0.0075
29.03.2021 10:45:13.225 GMT+0100,3442.5490000000004,3439.6150000000002,0.02,0.02
29.03.2021 10:45:14.120 GMT+0100,3442,3440.7790000000005,0.02,0.02
29.03.2021 10:45:20.087 GMT+0100,3443.1800000000003,3440.533,0.02,0.02
29.03.2021 10:45:44.438 GMT+0100,3442.426,3440.7790000000005,0.02,0.02
29.03.2021 10:46:02.554 GMT+0100,3443.3440000000005,3440.533,0.02,0.02
29.03.2021 10:46:19.432 GMT+0100,3442.5490000000004,3438.656,0.02,0.02
29.03.2021 10:46:19.533 GMT+0100,3442.262,3439.6150000000002,0.02,0.02
29.03.2021 10:46:21.241 GMT+0100,3443.385,3439.451,0.02,0.02
29.03.2021 10:46:21.292 GMT+0100,3443.508,3440.82,0.02,0.02
29.03.2021 10:46:31.552 GMT+0100,3442.426,3439.492,0.02,0.02
29.03.2021 10:46:35.930 GMT+0100,3441.508,3439.7790000000005,0.02,0.02
29.03.2021 10:46:36.030 GMT+0100,3442.262,3439.492,0.02,0.02
29.03.2021 10:48:53.176 GMT+0100,3441.3440000000005,3438.82,0.02,0.02
29.03.2021 10:48:54.641 GMT+0100,3441.262,3439.451,0.02,0.0075
29.03.2021 10:49:00.052 GMT+0100,3440.508,3436.697,0.02,0.02
29.03.2021 10:49:00.153 GMT+0100,3441.1800000000003,3436.738,0.02,0.02
29.03.2021 10:49:00.289 GMT+0100,3440.426,3436.492,0.02,0.02
29.03.2021 10:49:07.422 GMT+0100,3440.221,3437.533,0.02,0.0075
29.03.2021 10:49:07.532 GMT+0100,3441,3439.492,0.02,0.02
29.03.2021 10:49:16.461 GMT+0100,3442.221,3439.738,0.02,0.02
29.03.2021 10:49:43.013 GMT+0100,3441.385,3439.656,0.02,0.02
29.03.2021 10:49:43.064 GMT+0100,3442.221,3439.82,0.02,0.02
29.03.2021 10:49:56.794 GMT+0100,3441.5490000000004,3439.533,0.0075,0.02
29.03.2021 10:49:57.114 GMT+0100,3442.221,3439.82,0.02,0.02
29.03.2021 10:50:49.390 GMT+0100,3442.303,3440.533,0.02,0.02
29.03.2021 10:51:32.519 GMT+0100,3443.5490000000004,3440.7790000000005,0.02,0.02
29.03.2021 10:51:32.569 GMT+0100,3443,3441.738,0.02,0.02
29.03.2021 10:51:58.560 GMT+0100,3443.508,3442.533,0.0075,0.0075
29.03.2021 10:51:58.611 GMT+0100,3445.5490000000004,3442.82,0.02,0.02
29.03.2021 10:52:04.524 GMT+0100,3444.1800000000003,3442.656,0.0075,0.0075
29.03.2021 10:52:04.575 GMT+0100,3444,3441.738,0.02,0.02
29.03.2021 10:52:05.141 GMT+0100,3445.5490000000004,3442.533,0.02,0.02
29.03.2021 10:52:05.242 GMT+0100,3444.426,3442,0.02,0.02
29.03.2021 10:52:05.386 GMT+0100,3445.262,3441.6150000000002,0.02,0.02
29.03.2021 10:52:05.437 GMT+0100,3444.3440000000005,3441.7790000000005,0.02,0.02
29.03.2021 10:52:05.540 GMT+0100,3445.467,3442.6150000000002,0.02,0.02
29.03.2021 10:52:05.642 GMT+0100,3444.1800000000003,3443,0.0075,0.02
29.03.2021 10:52:05.693 GMT+0100,3445,3443,0.02,0.02
29.03.2021 10:52:05.743 GMT+0100,3444.1800000000003,3442.656,0.02,0.02
29.03.2021 10:52:05.855 GMT+0100,3445,3442.738,0.02,0.02
29.03.2021 10:52:05.905 GMT+0100,3444.3440000000005,3442.82,0.02,0.02
29.03.2021 10:52:05.955 GMT+0100,3445.303,3442.6150000000002,0.02,0.02
29.03.2021 10:52:06.102 GMT+0100,3444.303,3442.492,0.0075,0.02
29.03.2021 10:52:06.300 GMT+0100,3445.508,3442.5740000000005,0.02,0.02
29.03.2021 10:52:06.463 GMT+0100,3445.385,3442,0.02,0.02
29.03.2021 10:52:06.533 GMT+0100,3445.303,3442.492,0.02,0.02
29.03.2021 10:53:15.132 GMT+0100,3446,3443,0.02,0.02
29.03.2021 10:53:15.182 GMT+0100,3447.303,3445.5740000000005,0.02,0.02
29.03.2021 10:53:16.401 GMT+0100,3450.426,3445.7790000000005,0.02,0.02
29.03.2021 10:53:16.462 GMT+0100,3450.3440000000005,3446.738,0.02,0.0075
29.03.2021 10:53:16.810 GMT+0100,3449.262,3446.7790000000005,0.02,0.02
29.03.2021 10:53:17.164 GMT+0100,3450.426,3446.5740000000005,0.02,0.02
29.03.2021 10:53:17.332 GMT+0100,3449.385,3446.451,0.02,0.02
29.03.2021 10:53:18.139 GMT+0100,3451.221,3448.738,0.02,0.02
29.03.2021 10:53:18.189 GMT+0100,3451.385,3447.656,0.02,0.02
29.03.2021 10:53:18.528 GMT+0100,3451.1800000000003,3448.697,0.02,0.0075
29.03.2021 10:53:27.169 GMT+0100,3453,3449.82,0.02,0.02
29.03.2021 10:53:27.296 GMT+0100,3454.426,3449.82,0.02,0.02
29.03.2021 10:53:27.528 GMT+0100,3453,3449.5740000000005,0.0075,0.02
29.03.2021 10:54:30.636 GMT+0100,3452.1800000000003,3448.492,0.02,0.02
29.03.2021 10:54:30.771 GMT+0100,3450.426,3446.738,0.02,0.02
29.03.2021 10:54:30.822 GMT+0100,3451.1800000000003,3446.82,0.02,0.02
29.03.2021 10:54:30.872 GMT+0100,3450.467,3446.533,0.02,0.02
29.03.2021 10:54:57.612 GMT+0100,3449.5490000000004,3447,0.02,0.02
29.03.2021 10:54:58.676 GMT+0100,3449.3440000000005,3447.533,0.02,0.0075
29.03.2021 10:54:58.777 GMT+0100,3450.1800000000003,3447.697,0.02,0.02
29.03.2021 10:55:12.672 GMT+0100,3449.303,3447.6150000000002,0.0075,0.0075
29.03.2021 10:55:12.722 GMT+0100,3449.467,3445.697,0.02,0.02
29.03.2021 10:55:15.744 GMT+0100,3449.221,3447.738,0.02,0.02
29.03.2021 10:55:52.679 GMT+0100,3451.5490000000004,3447.738,0.02,0.02
29.03.2021 10:55:52.865 GMT+0100,3451.508,3448.697,0.0075,0.0075
29.03.2021 10:55:52.915 GMT+0100,3452.262,3448.6150000000002,0.02,0.02
29.03.2021 10:55:52.965 GMT+0100,3453.426,3449.82,0.02,0.02
29.03.2021 10:55:53.408 GMT+0100,3453.221,3448.738,0.02,0.02
29.03.2021 10:55:58.320 GMT+0100,3452.508,3449.492,0.0075,0.0075
29.03.2021 10:56:33.760 GMT+0100,3451.262,3449.5740000000005,0.0075,0.02
29.03.2021 10:56:37.371 GMT+0100,3452.262,3449.738,0.02,0.02
29.03.2021 10:57:59.500 GMT+0100,3452.426,3447.82,0.02,0.02
29.03.2021 10:58:01.157 GMT+0100,3452.5490000000004,3449.533,0.02,0.0075
29.03.2021 10:58:01.207 GMT+0100,3452.221,3447.7790000000005,0.02,0.02
29.03.2021 10:58:01.487 GMT+0100,3451.385,3447.6150000000002,0.02,0.02
29.03.2021 10:58:03.296 GMT+0100,3451.426,3449.533,0.02,0.02
29.03.2021 10:58:03.397 GMT+0100,3451.262,3447.6150000000002,0.02,0.02
29.03.2021 10:58:03.945 GMT+0100,3451.508,3446.6150000000002,0.02,0.02
29.03.2021 10:58:05.972 GMT+0100,3451.5490000000004,3447.82,0.02,0.0075
29.03.2021 10:58:06.571 GMT+0100,3451.467,3446.7790000000005,0.02,0.02
29.03.2021 10:58:11.208 GMT+0100,3451,3447.656,0.02,0.02
29.03.2021 10:58:12.882 GMT+0100,3451.262,3446.6150000000002,0.02,0.02
29.03.2021 10:58:21.663 GMT+0100,3451.426,3447.5740000000005,0.02,0.02
29.03.2021 10:58:25.023 GMT+0100,3451.508,3448.738,0.02,0.0075
29.03.2021 10:58:25.132 GMT+0100,3451.467,3447.533,0.02,0.02
29.03.2021 10:58:35.479 GMT+0100,3451.467,3448.6150000000002,0.02,0.0075
29.03.2021 10:58:35.580 GMT+0100,3451.508,3447.738,0.02,0.02
29.03.2021 10:58:35.661 GMT+0100,3451.467,3448.82,0.02,0.0075
29.03.2021 10:59:36.261 GMT+0100,3451.426,3447.451,0.02,0.02
29.03.2021 10:59:52.136 GMT+0100,3452.426,3449.7790000000005,0.02,0.02
29.03.2021 11:00:51.004 GMT+0100,3451.262,3447.451,0.02,0.02
29.03.2021 11:01:03.135 GMT+0100,3450.262,3447.7790000000005,0.0075,0.0075
29.03.2021 11:01:03.185 GMT+0100,3449.508,3445.656,0.02,0.02
29.03.2021 11:01:07.344 GMT+0100,3449.385,3447,0.02,0.0075
29.03.2021 11:02:42.971 GMT+0100,3448.1800000000003,3445.533,0.02,0.02
29.03.2021 11:02:43.071 GMT+0100,3449.508,3445.6150000000002,0.02,0.02
29.03.2021 11:02:45.797 GMT+0100,3448.508,3445.6150000000002,0.0075,0.02
29.03.2021 11:03:19.596 GMT+0100,3447.385,3446,0.0075,0.02
29.03.2021 11:04:04.765 GMT+0100,3448.1800000000003,3445.492,0.02,0.02
29.03.2021 11:04:05.262 GMT+0100,3448.221,3446.738,0.02,0.0075
29.03.2021 11:04:05.312 GMT+0100,3448.467,3445.82,0.02,0.02
29.03.2021 11:04:10.127 GMT+0100,3448,3446.656,0.02,0.02
29.03.2021 11:04:22.676 GMT+0100,3448.1800000000003,3445.5740000000005,0.02,0.02
29.03.2021 11:04:43.521 GMT+0100,3448.5490000000004,3447.492,0.0075,0.0075
29.03.2021 11:04:43.571 GMT+0100,3450.508,3447.656,0.02,0.02
29.03.2021 11:04:44.379 GMT+0100,3451.426,3447.738,0.02,0.02
29.03.2021 11:05:05.282 GMT+0100,3450.508,3446.82,0.02,0.02
29.03.2021 11:05:06.592 GMT+0100,3450.303,3447.7790000000005,0.02,0.0075
29.03.2021 11:05:17.151 GMT+0100,3450.385,3446.6150000000002,0.02,0.02
29.03.2021 11:05:17.201 GMT+0100,3449.426,3445.492,0.02,0.02
29.03.2021 11:05:58.328 GMT+0100,3448.262,3445.533,0.0075,0.02
29.03.2021 11:06:11.622 GMT+0100,3448.221,3446.738,0.02,0.02
29.03.2021 11:06:12.111 GMT+0100,3449.262,3446.451,0.02,0.02
29.03.2021 11:06:32.743 GMT+0100,3449.221,3445.697,0.02,0.02
29.03.2021 11:06:54.396 GMT+0100,3448,3445.82,0.0075,0.02
29.03.2021 11:06:54.509 GMT+0100,3449.385,3445.492,0.02,0.02
29.03.2021 11:07:07.143 GMT+0100,3449.221,3446.5740000000005,0.02,0.0075
29.03.2021 11:07:07.301 GMT+0100,3449.426,3445.6150000000002,0.02,0.02
29.03.2021 11:07:07.594 GMT+0100,3449.221,3446.6150000000002,0.02,0.0075
29.03.2021 11:07:07.645 GMT+0100,3449.467,3445.82,0.02,0.02
29.03.2021 11:07:13.172 GMT+0100,3449.3440000000005,3447.738,0.02,0.02
29.03.2021 11:07:19.069 GMT+0100,3450.508,3447.656,0.02,0.02
29.03.2021 11:07:20.341 GMT+0100,3450.508,3449.451,0.0075,0.0075
29.03.2021 11:07:20.391 GMT+0100,3451.3440000000005,3449.451,0.02,0.02
29.03.2021 11:07:21.075 GMT+0100,3451,3448.656,0.02,0.02
29.03.2021 11:09:00.907 GMT+0100,3449.467,3445.7790000000005,0.01,0.01
29.03.2021 11:09:00.958 GMT+0100,3449.262,3446.738,0.02,0.02
29.03.2021 11:09:01.593 GMT+0100,3449.467,3445.697,0.02,0.02
29.03.2021 11:09:07.711 GMT+0100,3449.3440000000005,3446.451,0.02,0.0075
29.03.2021 11:09:08.213 GMT+0100,3449.5490000000004,3447.7790000000005,0.02,0.0075
29.03.2021 11:09:08.263 GMT+0100,3451.221,3447.738,0.02,0.02
29.03.2021 11:09:08.360 GMT+0100,3451.5490000000004,3449.697,0.02,0.0075
29.03.2021 11:09:28.423 GMT+0100,3452.385,3450,0.02,0.02
29.03.2021 11:10:30.517 GMT+0100,3451.508,3449.492,0.0075,0.0075
29.03.2021 11:10:30.568 GMT+0100,3451.5490000000004,3448.656,0.02,0.02
29.03.2021 11:10:32.656 GMT+0100,3450.426,3449,0.02,0.02
29.03.2021 11:10:32.824 GMT+0100,3450.508,3447.492,0.02,0.02
29.03.2021 11:10:44.400 GMT+0100,3450.5490000000004,3446.656,0.02,0.02
29.03.2021 11:10:44.451 GMT+0100,3450.426,3445.533,0.02,0.02
29.03.2021 11:10:44.784 GMT+0100,3450.426,3446.697,0.02,0.02
29.03.2021 11:11:05.223 GMT+0100,3449.385,3447,0.02,0.02
29.03.2021 11:11:19.171 GMT+0100,3448.221,3446.492,0.02,0.02
29.03.2021 11:11:29.024 GMT+0100,3449,3446.7790000000005,0.02,0.02
29.03.2021 11:11:43.443 GMT+0100,3448.5490000000004,3446.7790000000005,0.0075,0.02
29.03.2021 11:12:04.268 GMT+0100,3449,3447,0.02,0.02
29.03.2021 11:14:01.719 GMT+0100,3449.385,3447.492,0.0075,0.0075
29.03.2021 11:14:01.769 GMT+0100,3451.5490000000004,3447.738,0.02,0.02
29.03.2021 11:14:02.137 GMT+0100,3450,3447.7790000000005,0.0075,0.0075
29.03.2021 11:14:02.188 GMT+0100,3450.1800000000003,3446.451,0.02,0.02
29.03.2021 11:14:05.884 GMT+0100,3449.303,3446.697,0.0075,0.02
29.03.2021 11:14:57.536 GMT+0100,3449.5490000000004,3447.533,0.02,0.0075
29.03.2021 11:15:03.460 GMT+0100,3451.1800000000003,3449.492,0.02,0.02
29.03.2021 11:15:04.044 GMT+0100,3451.426,3448.82,0.02,0.02
29.03.2021 11:15:04.095 GMT+0100,3451.262,3448,0.02,0.02
29.03.2021 11:15:13.576 GMT+0100,3451.467,3450,0.02,0.02
29.03.2021 11:15:59.855 GMT+0100,3450.262,3448,0.02,0.02
29.03.2021 11:15:59.906 GMT+0100,3451.385,3448,0.02,0.02
29.03.2021 11:16:01.596 GMT+0100,3451.3440000000005,3450.75,0.0075,0.0075
29.03.2021 11:16:01.647 GMT+0100,3455.1800000000003,3451.82,0.02,0.02
29.03.2021 11:16:01.823 GMT+0100,3454,3451.697,0.0075,0.02
29.03.2021 11:16:01.873 GMT+0100,3454.426,3450.82,0.02,0.02
29.03.2021 11:16:04.629 GMT+0100,3453,3448.451,0.02,0.02
29.03.2021 11:16:04.745 GMT+0100,3452.262,3448.451,0.0075,0.02
29.03.2021 11:16:07.368 GMT+0100,3451.221,3448.7790000000005,0.0075,0.0075
29.03.2021 11:16:07.524 GMT+0100,3450.385,3447.6150000000002,0.02,0.02
29.03.2021 11:16:07.575 GMT+0100,3451.303,3447.492,0.02,0.02
29.03.2021 11:16:07.835 GMT+0100,3451.426,3448.492,0.02,0.0075
29.03.2021 11:16:07.935 GMT+0100,3451.221,3447.451,0.02,0.02
29.03.2021 11:16:49.996 GMT+0100,3450.426,3448,0.0075,0.02
29.03.2021 11:17:51.915 GMT+0100,3451.508,3448,0.02,0.02
29.03.2021 11:17:56.277 GMT+0100,3451.1800000000003,3448.7790000000005,0.02,0.0075
29.03.2021 11:18:15.320 GMT+0100,3450.508,3446.533,0.02,0.02
29.03.2021 11:18:15.370 GMT+0100,3449.467,3446.82,0.02,0.02
29.03.2021 11:18:21.905 GMT+0100,3448.303,3447,0.0075,0.02
29.03.2021 11:18:22.015 GMT+0100,3449.1800000000003,3446.7790000000005,0.02,0.02
29.03.2021 11:18:52.538 GMT+0100,3448.467,3446.7790000000005,0.0075,0.0075
29.03.2021 11:18:52.588 GMT+0100,3448.1800000000003,3445.5740000000005,0.02,0.02
